=LDR  01865 am a2200481 a 4500
=001  016893070
=003  Uk
=005  20140131165117.0
=006  m\\\\||\\d\|\\\\\\
=007  cr\|||||||||||
=008  120523q17991830sp\a\\\\o\\\\\000\0\spa\\
=FMT  \\$a  BK
=040  \\$aUkCU$beng$cUkCU$dUk
=245  00$aCurioso romance en que se declaran las portentosas hazañas del valiente Bernardo del Montijo.
=246  30$aBernardo del Montijo
=260  \\$a[S.l. :$bs.n.,$cbetween 1799 and 1830?]
=300  \\$a1 online resource
=336  \\$atext$2rdacontent
=337  \\$acomputer$2rdamedia
=338  \\$aonline resources$2rdacarrier
=500  \\$aText printed in two columns.
=500  \\$aIn verse.
=500  \\$aIllustration at head of title.
=500  \\$aCaption title.
=599  \\$aItem no. T2 in volume 1072.g.27.$5Uk
=599  \\$aItem no. T67 in volume 1072.g.27.$5Uk
=533  \\$aElectronic Reproduction$bLondon$cBritish Library$d2012$nItem no. T2 in volume 1072.g.27.$nItem no. T67 in volume 1072.g.27.$5Uk
=650  \0$aBrigands and robbers.
=650  \0$aCriminals.
=650  \4$aBernardo del Montijo (Fictitious character)
=650  \4$aBandoleros.
=650  \4$aDelincuentes.
=653  \1$aBernardo del Montijo (Personaje ficticio)
=655  \7$aChapbooks$zSpain.$2rbgenr
=662  \\$aSpain$dAndalusia$2lcsh-naf
=856  40$uhttp://cudl.lib.cam.ac.uk/view/PR-01072-G-00027-00067$yCambridge Digital Library$zItem no. T67 in 1072.g.27
=856  40$uhttp://cudl.lib.cam.ac.uk/view/PR-01072-G-00027-00002$yCambridge Digital Library$zItem no. T2 in 1072.g.27
=859  \\$aXLD$bCambridge Digital Library
=CAT  \\$aWR14_159$b00$c20141016$lBLL01$h1655
=CAT  \\$aWR14_181$c20150323$lBLL01$h1402
=CAT  \\$aW1606-1753$c20171028$lBLL01$h1603
=SRC  \\$aBLWrongdoing
=LAS  \\$aW1606-1753$b00$c20171028$lBLL01$h1603

