=LDR  02377 am a2200541 a 4500
=001  016893071
=003  Uk
=005  20140411162424.0
=006  m\\\\||\\d\|\\\\\\
=007  cr\|||||||||||
=008  120523q17991830sp\a\\\\o\\\\\000\0\spa\\
=FMT  \\$a  BK
=040  \\$aUkCU$beng$cUkCU$dUk
=245  00$aNuevo y curioso romance de la peregrina historia de Griselda, dá cuenta de como el Marqués Gualreto [i.e. Gualtero] trató su casamiento con ella, siendo una humilde pastorcilla, y salió el mas singular exemplo de la obediencia que deben tener las mugeres casadas á sus maridos :$bprimera parte.
=260  \\$a[S.l. :$bs.n.,$cbetween 1799 and 1830?]
=300  \\$a1 online resource
=336  \\$atext$2rdacontent
=337  \\$acomputer$2rdamedia
=338  \\$aonline resources$2rdacarrier
=500  \\$aText printed in two columns.
=500  \\$aIn verse.
=500  \\$aIllustration at head of title; second and third parts with one additional illustration each at head of title.
=500  \\$aCaption title.
=500  \\$aIn three parts. Parts two and three have title: Griselda.
=500  \\$aWoodcut ornament (device?) at end of Primera parte.
=599  \\$aItem no. T3 in volume 1072.g.27.$5Uk
=599  \\$aItem no. T5 in volume 12330.l.1.$5Uk
=533  \\$aElectronic Reproduction$bLondon$cBritish Library$d2012$nItem no. T3 in volume 1072.g.27.$nItem no. T5 in volume 12330.l.1.$5Uk
=650  \4$aGriselda (Fictitious character)
=650  \4$aGualtero (Fictitious character)
=650  \0$aMan-woman relationships.
=650  \0$aLoyalty.
=650  \0$aSubmissiveness.
=650  \4$aRelaciones hombre-mujer.
=650  \4$aLealtad.
=650  \4$aSumisión.
=653  \1$aGriselda (Personaje ficticio)
=653  \1$aGualtero (Personaje ficticio)
=655  \7$aChapbooks$zSpain.$2rbgenr
=740  02$aGriselda.
=856  40$uhttp://cudl.lib.cam.ac.uk/view/PR-12330-L-00001-00005$yCambridge Digital Library$zItem no. T5 in 12330.l.1
=856  40$uhttp://cudl.lib.cam.ac.uk/view/PR-01072-G-00027-00003$yCambridge Digital Library$zItem no. T3 in 1072.g.27
=859  \\$aXLD$bCambridge Digital Library
=CAT  \\$aWR14_159$b00$c20141016$lBLL01$h1655
=CAT  \\$aWR14_181$c20150323$lBLL01$h1402
=CAT  \\$aW1606-1753$c20171028$lBLL01$h1603
=SRC  \\$aBLWrongdoing
=LAS  \\$aW1606-1753$b00$c20171028$lBLL01$h1603

