=LDR  02558 am a2200637 a 4500
=001  016893072
=003  Uk
=005  20140411164927.0
=006  m\\\\||\\d\|\\\\\\
=007  cr\|||||||||||
=008  120523s1820\\\\sp\a\\\\o\\\\\000\0\spa\\
=FMT  \\$a  BK
=040  \\$aUkCU$beng$cUkCU$dUk
=245  00$aDe Pedro Cadenas :$bRomance de las valentias de Pedro Cadenas y otros tres soldados de las galeras de España.
=246  30$aRomance de las valentias de Pedro Cadenas y otros tres soldados de las galeras de España
=260  \\$aMadrid :$bImprenta de Alejo López Carcía, calle de los Abades ...,$c1820.
=300  \\$a1 online resource
=336  \\$atext$2rdacontent
=337  \\$acomputer$2rdamedia
=338  \\$aonline resources$2rdacarrier
=500  \\$aText printed in two columns.
=500  \\$aIn verse.
=500  \\$aIllustration at head of title.
=500  \\$aCaption title.
=500  \\$aImprint from colophon.
=599  \\$aItem no. T4 in volume 1072.g.27.$5Uk
=599  \\$aItem no. T8 in volume 12330.l.1.$5Uk
=533  \\$aElectronic Reproduction$bLondon$cBritish Library$d2012$nItem no. T4 in volume 1072.g.27.$nItem no. T8 in volume 12330.l.1.$5Uk
=650  \4$aDiego de Contreras (Fictitious character)
=650  \4$aPedro Cadenas (Fictitious character)
=650  \4$aAlfonso Tellez (Fictitious character)
=650  \4$aCayetano García (Fictitious character)
=650  \0$aWomen$xViolence against.
=650  \0$aRevenge.
=650  \0$aViolent crimes.
=650  \0$aCrimes of passion.
=650  \4$aMujeres$xViolencia contra las.
=650  \4$aVenganza.
=650  \4$aDelitos violentos.
=650  \4$aCrímenes de pasión.
=650  \4$aSoldados.
=653  \1$aDiego de Contreras (Personaje ficticio)
=653  \1$aPedro Cadenas (Personaje ficticio)
=653  \1$aAlfonso Tellez (Personaje ficticio)
=653  \1$aCayetano García (Personaje ficticio)
=655  \7$aChapbooks$zSpain.$2rbgenr
=662  \\$aSpain$dBarcelona$2lcsh-naf
=752  \\$aSpain$dMadrid.
=856  40$uhttp://cudl.lib.cam.ac.uk/view/PR-12330-L-00001-00008$yCambridge Digital Library$zItem no. T8 in 12330.l.1
=856  40$uhttp://cudl.lib.cam.ac.uk/view/PR-01072-G-00027-00004$yCambridge Digital Library$zItem no. T4 in 1072.g.27
=859  \\$aXLD$bCambridge Digital Library
=CAT  \\$aWR14_159$b00$c20141016$lBLL01$h1655
=CAT  \\$aWR14_181$c20150323$lBLL01$h1402
=CAT  \\$aW1606-1753$c20171028$lBLL01$h1603
=SRC  \\$aBLWrongdoing
=LAS  \\$aW1606-1753$b00$c20171028$lBLL01$h1603

