=LDR  01890 am a2200493 a 4500
=001  016893073
=003  Uk
=005  20140411164021.0
=006  m\\\\||\\d\|\\\\\\
=007  cr\|||||||||||
=008  120523q17001850sp\a\\\\o\\\\\000\0\spa\\
=FMT  \\$a  BK
=040  \\$aUkCU$beng$cUkCU$dUk
=245  00$aPrimera parte de las proezas y arrojos del guapo Francisco Estevan, natural de la ciudad de Lucena.
=260  \\$a[S.l. :$bs.n.,$cbetween 1700 and 1850?]
=300  \\$a1 online resource
=336  \\$atext$2rdacontent
=337  \\$acomputer$2rdamedia
=338  \\$aonline resources$2rdacarrier
=500  \\$aText printed in two columns.
=500  \\$aIn verse.
=500  \\$aIllustration at head of title.
=500  \\$aCaption title.
=500  \\$aImprint from colophon.
=500  \\$aIn five parts.
=599  \\$aItem no. T5 in volume 1072.g.27.$5Uk
=599  \\$aItem no. T7 in volume 12330.l.1.$5Uk
=533  \\$aElectronic Reproduction$bLondon$cBritish Library$d2012$nItem no. T5 in volume 1072.g.27.$nItem no. T7 in volume 12330.l.1.$5Uk
=650  \0$aCriminals.
=650  \0$aBrigands and robbers.
=650  \4$aDelincuentes.
=650  \4$aBandoleros.
=650  \4$aFrancisco Esteban (Fictitious character)
=653  \1$aFrancisco Esteban (Personaje ficticio)
=655  \7$aChapbooks$zSpain.$2rbgenr
=662  \\$aSpain$dLucena$2lcsh-naf
=856  40$uhttp://cudl.lib.cam.ac.uk/view/PR-12330-L-00001-00007$yCambridge Digital Library$zItem no. T7 in 12330.l.1
=856  40$uhttp://cudl.lib.cam.ac.uk/view/PR-01072-G-00027-00005$yCambridge Digital Library$zItem no. T5 in 1072.g.27
=859  \\$aXLD$bCambridge Digital Library
=CAT  \\$aWR14_159$b00$c20141016$lBLL01$h1655
=CAT  \\$aWR14_181$c20150323$lBLL01$h1402
=CAT  \\$aW1606-1753$c20171028$lBLL01$h1603
=SRC  \\$aBLWrongdoing
=LAS  \\$aW1606-1753$b00$c20171028$lBLL01$h1603

