=LDR  02144 am a2200517 a 4500
=001  016893075
=003  Uk
=005  20140411170343.0
=006  m\\\\||\\d\|\\\\\\
=007  cr\|||||||||||
=008  120523q18041823sp\a\\\\o\\\\\000\0\spa\\
=FMT  \\$a  BK
=040  \\$aUkCU$beng$cUkCU$dUk
=245  00$aUeva [sic] y curiosa relacion del invencible valor una hermosa doncella natural de la ciudad de Jaen, que por desagraviar à su padre hizo treinta muertes :$bDoña Isabel Gallardo.
=246  30$aNueva y curiosa relacion del invencible valor :$buna hermosa doncella
=246  30$aDoña Isabel Gallardo
=260  \\$aMadrid :$bImprenta de la Viuda de Lopez, calle de Juanelo,$c[between 1804 and 1823?]
=300  \\$a1 online resource
=336  \\$atext$2rdacontent
=337  \\$acomputer$2rdamedia
=338  \\$aonline resources$2rdacarrier
=500  \\$aText printed in two columns.
=500  \\$aIn verse.
=500  \\$aTwo separate illustrations at head of title.
=500  \\$aCaption title.
=500  \\$aImprint from colophon.
=599  \\$aItem no. T7 in volume 1072.g.27.$5Uk
=599  \\$aItem no. T11 in volume 12330.l.1.$5Uk
=533  \\$aElectronic Reproduction$bLondon$cBritish Library$d2012$nItem no. T7 in volume 1072.g.27.$nItem no. T11 in volume 12330.l.1.$5Uk
=650  \4$aIsabel Gallardo (Fictitious charachter)
=650  \0$aWomen murderers.
=650  \0$aRevenge.
=650  \4$aAsesinas.
=650  \4$aVenganza.
=653  \1$aIsabel Gallardo (Personaje ficticio)
=655  \7$aChapbooks$zSpain.$2rbgenr
=662  \\$aSpain$dJaén$2lcsh-naf
=752  \\$aSpain$dMadrid.
=856  40$uhttp://cudl.lib.cam.ac.uk/view/PR-12330-L-00001-00011$yCambridge Digital Library$zItem no. T11 in 12330.l.1
=856  40$uhttp://cudl.lib.cam.ac.uk/view/PR-01072-G-00027-00007$yCambridge Digital Library$zItem no. T7 in 1072.g.27
=859  \\$aXLD$bCambridge Digital Library
=CAT  \\$aWR14_159$b00$c20141016$lBLL01$h1655
=CAT  \\$aWR14_181$c20150323$lBLL01$h1402
=CAT  \\$aW1606-1753$c20171028$lBLL01$h1603
=SRC  \\$aBLWrongdoing
=LAS  \\$aW1606-1753$b00$c20171028$lBLL01$h1603

