=LDR  01962 am a2200457 a 4500
=001  016893076
=003  Uk
=005  20140411171004.0
=006  m\\\\||\\d\|\\\\\\
=007  cr\|||||||||||
=008  120523q17001850sp\a\\\\o\\\\\000\0\spa\\
=FMT  \\$a  BK
=040  \\$aUkCU$beng$cUkCU$dUk
=245  00$aGracioso romance de una reñida pendencia que han tenido un viejo y una vieja de ciento y ochenta años por celos de ella :$by los particulares y graciosos chascos que tuvieron entre los dos : como la justicia los llevó á la cárcel á hacer las amistades, con otros particulares sucesos.
=260  \\$a[S.l. :$bs.n.,$cbetween 1700 and 1850?]
=300  \\$a1 online resource
=336  \\$atext$2rdacontent
=337  \\$acomputer$2rdamedia
=338  \\$aonline resources$2rdacarrier
=500  \\$aText printed in two columns.
=500  \\$aIn verse.
=500  \\$aThree separate illustrations at head of title.
=500  \\$aCaption title.
=599  \\$aItem no. T8 in volume 1072.g.27.$5Uk
=599  \\$aItem no. T13 in volume 12330.l.1.$5Uk
=533  \\$aElectronic Reproduction$bLondon$cBritish Library$d2012$nItem no. T8 in volume 1072.g.27.$nItem no. T13 in volume 12330.l.1.$5Uk
=650  \0$aJealousy.
=650  \0$aMan-woman relationships.
=650  \0$aSatire, Spanish.
=650  \4$aCelos.
=650  \4$aRelaciones hombre-mujer.
=650  \4$aSátira española.
=655  \7$aChapbooks$zSpain.$2rbgenr
=856  40$uhttp://cudl.lib.cam.ac.uk/view/PR-12330-L-00001-00013$yCambridge Digital Library$zItem no. T13 in 12330.l.1
=856  40$uhttp://cudl.lib.cam.ac.uk/view/PR-01072-G-00027-00008$yCambridge Digital Library$zItem no. T8 in 1072.g.27
=859  \\$aXLD$bCambridge Digital Library
=CAT  \\$aWR14_159$b00$c20141016$lBLL01$h1655
=CAT  \\$aWR14_181$c20150323$lBLL01$h1402
=CAT  \\$aW1606-1753$c20171028$lBLL01$h1603
=SRC  \\$aBLWrongdoing
=LAS  \\$aW1606-1753$b00$c20171028$lBLL01$h1603

