=LDR  01895 am a2200445 a 4500
=001  016893077
=003  Uk
=005  20140411171305.0
=006  m\\\\||\\d\|\\\\\\
=007  cr\|||||||||||
=008  120523q17001850sp\a\\\\o\\\\\000\0\spa\\
=FMT  \\$a  BK
=040  \\$aUkCU$beng$cUkCU$dUk
=245  00$aNueva relacion de las dichas y desdichas de Juan Soldado :$besto es, la agudeza de unos en reclutar á otros, el ejercicio, la guardia, el rancho y el cuartel /$ccompuesto por un soldado de las guardias españolas.
=260  \\$a[S.l. :$bs.n.,$cbetween 1700 and 1850?]
=300  \\$a1 online resource
=336  \\$atext$2rdacontent
=337  \\$acomputer$2rdamedia
=338  \\$aonline resources$2rdacarrier
=500  \\$aText printed in two columns.
=500  \\$aIn verse.
=500  \\$aThree separate illustrations at head of title.
=500  \\$aCaption title.
=599  \\$aItem no. T9 in volume 1072.g.27.$5Uk
=599  \\$aItem no. T14 in volume 12330.l.1.$5Uk
=533  \\$aElectronic Reproduction$bLondon$cBritish Library$d2012$nItem no. T9 in volume 1072.g.27.$nItem no. T14 in volume 12330.l.1.$5Uk
=650  \4$aJuan Soldado (Fictitious character)
=650  \0$aSongs, Spanish$vTexts.
=650  \4$aSoldados.
=653  \0$aCanciones españolas--Textos.
=653  \1$aJuan Soldado (Personaje ficticio)
=655  \7$aChapbooks$zSpain.$2rbgenr
=856  40$uhttp://cudl.lib.cam.ac.uk/view/PR-12330-L-00001-00014$yCambridge Digital Library$zItem no. T14 in 12330.l.1
=856  40$uhttp://cudl.lib.cam.ac.uk/view/PR-01072-G-00027-00009$yCambridge Digital Library$zItem no. T9 in 1072.g.27
=859  \\$aXLD$bCambridge Digital Library
=CAT  \\$aWR14_159$b00$c20141016$lBLL01$h1655
=CAT  \\$aWR14_181$c20150323$lBLL01$h1402
=CAT  \\$aW1606-1753$c20171028$lBLL01$h1603
=SRC  \\$aBLWrongdoing
=LAS  \\$aW1606-1753$b00$c20171028$lBLL01$h1603

