=LDR  01944 am a2200469 a 4500
=001  016893078
=003  Uk
=005  20140411172309.0
=006  m\\\\||\\d\|\\\\\\
=007  cr\|||||||||||
=008  120523q17991830sp\a\\\\o\\\\\000\0\spa\\
=FMT  \\$a  BK
=040  \\$aUkCU$beng$cUkCU$dUk
=245  00$aRelacion de la baraja que ordenó un soldado llamado Miguel de Ricart en la ciudad de Brest, en la cual se hallará lo que contempla él estando en misa por medio de las figuras que habia en ella.
=260  \\$a[S.l. :$bs.n.,$cbetween 1799 and 1830?]
=300  \\$a1 online resource
=336  \\$atext$2rdacontent
=337  \\$acomputer$2rdamedia
=338  \\$aonline resources$2rdacarrier
=500  \\$aText printed in two columns.
=500  \\$aIn verse.
=500  \\$aThree separate illustrations at head of title.
=500  \\$aCaption title.
=599  \\$aItem no. T10 in volume 1072.g.27.$5Uk
=599  \\$aItem no. T14a in volume 12330.l.1.$5Uk
=533  \\$aElectronic Reproduction$bLondon$cBritish Library$d2012$nItem no. T10 in volume 1072.g.27.$nItem no. T14a in volume 12330.l.1.$5Uk
=650  \4$aMiguel de Ricart (Fictitious character)
=650  \0$aSatire, Spanish.
=650  \4$aSátira española.
=650  \4$aSoldados.
=650  \4$aBarajas.
=653  1\$aMiguel de Ricart (Personaje ficticio)
=662  \\$aBelarus$dBrest$2lcsh-naf
=655  \7$aChapbooks$zSpain.$2rbgenr
=856  40$uhttp://cudl.lib.cam.ac.uk/view/PR-12330-L-00001-00014-A$yCambridge Digital Library$zItem no. T14a in 12330.l.1
=856  40$uhttp://cudl.lib.cam.ac.uk/view/PR-01072-G-00027-00010$yCambridge Digital Library$zItem no. T10 in 1072.g.27
=859  \\$aXLD$bCambridge Digital Library
=CAT  \\$aWR14_159$b00$c20141016$lBLL01$h1655
=CAT  \\$aWR14_181$c20150323$lBLL01$h1402
=CAT  \\$aW1606-1753$c20171028$lBLL01$h1603
=SRC  \\$aBLWrongdoing
=LAS  \\$aW1606-1753$b00$c20171028$lBLL01$h1603

