=LDR  03031 am a2200529 a 4500
=001  016893079
=003  Uk
=005  20140530113018.0
=006  m\\\\||\\d\|\\\\\\
=007  cr\|||||||||||
=008  120523q17001850sp\a\\\\o\\\\\000\0\spa\\
=FMT  \\$a  BK
=040  \\$aUkCU$beng$cUkCU$dUk
=245  00$aPrimera parte de la renegada de Valladolid :$bRelacion curiosa de un dulce tratado en el que se declara como una muger natural de Valladolid, siendo cautiva negó la ley de Dios nuestro Señor y casó con un rico moro, y como cautivaron á un clerigo hermano suyo, el cual sirvió á su hermana tres años de esclavo sin que se conociesen : y como Dios fué servido que al cabo de ellos se conocieran, por varias preguntas que le hizo la renegada.
=246  30$aRelacion curiosa de un dulce tratado en el que se declara como una muger natural de Valladolid, siendo cautiva negó la ley de Dios nuestro Señor y casó con un rico moro
=260  \\$a[S.l. .:$bs.n.,$cbetween 1700 and 1850?]
=300  \\$a1 online resource
=336  \\$atext$2rdacontent
=337  \\$acomputer$2rdamedia
=338  \\$aonline resources$2rdacarrier
=500  \\$aText printed in two columns.
=500  \\$aIn verse.
=500  \\$aThree separate illustrations at head of title; second part with two additional illustrations at head of title.
=500  \\$aCaption title.
=599  \\$aItem no. T11 in volume 1072.g.27.$5Uk
=599  \\$aItem no. T15 in volume 12330.l.1.$5Uk
=533  \\$aElectronic Reproduction$bLondon$cBritish Library$d2012$nItem no. T11 in volume 1072.g.27.$nItem no. T15 in volume 12330.l.1.$5Uk
=650  \0$aIn two parts. Part two has title: "La vida y penitencia que en el monte de Arsanio, junto á Roma, hizo una muger natural de Valladolid, la cual habia sido renegada en Argel y como convirtió á dos hijos suyos, sin conocer los hijos á la madre, y su buen fin."
=650  \0$aChristianity and other religions$xIslam.
=650  \0$aIslam$xRelations$xChristianity.
=650  \0$aRepentance$xChristianity.
=650  \4$aCristianismo y otras religiones$xIslamismo.
=650  \4$aIslamismo$xRelaciones$xCristianismo.
=650  \4$aArrepentimiento$xCristianismo.
=650  \4$aEsclavos.
=655  \7$aChapbooks$zSpain.$2rbgenr
=662  \\$aSpain$dValladolid$2lcsh-naf
=662  \\$aItaly$dRome$2lcsh-naf
=740  02$aVida y penitencia que en el monte de Arsanio, junto á Roma hizo una muger natural de Valladolid, la cual habia sido renegada en Argel .
=856  40$uhttp://cudl.lib.cam.ac.uk/view/PR-12330-L-00001-00015$yCambridge Digital Library$zItem no. T15 in 12330.l.1
=856  40$uhttp://cudl.lib.cam.ac.uk/view/PR-01072-G-00027-00011$yCambridge Digital Library$zItem no. T11 in 1072.g.27
=859  \\$aXLD$bCambridge Digital Library
=CAT  \\$aWR14_159$b00$c20141016$lBLL01$h1655
=CAT  \\$aWR14_181$c20150323$lBLL01$h1402
=CAT  \\$aW1606-1753$c20171028$lBLL01$h1603
=SRC  \\$aBLWrongdoing
=LAS  \\$aW1606-1753$b00$c20171028$lBLL01$h1603

