=LDR  01786 am a2200445 a 4500
=001  016893080
=003  Uk
=005  20120809161459.0
=006  m\\\\||\\d\|\\\\\\
=007  cr\|||||||||||
=008  120523q17001850sp\a\\\\o\\\\\000\0\spa\\
=FMT  \\$a  BK
=040  \\$aUkCU$beng$cUkCU$dUk
=245  03$aEl feo.
=260  \\$a[S.l. :$bs.n.,$cbetween 1700 and 1850?]
=300  \\$a1 online resource
=336  \\$atext$2rdacontent
=337  \\$acomputer$2rdamedia
=338  \\$aonline resources$2rdacarrier
=500  \\$aText printed in two columns.
=500  \\$aThree separate illustrations at head of title.
=500  \\$aIn verse.
=500  \\$aCaption title.
=500  \\$aIn two parts. Part two has title: De la nueva cancion del feo y la fea, para cantarla en casas particulares.
=599  \\$aItem no. T12 in volume 1072.g.27.$5Uk
=599  \\$aItem no. T74 in volume 1072.g.27.$5Uk
=533  \\$aElectronic Reproduction$bLondon$cBritish Library$d2012$nItem no. T12 in volume 1072.g.27.$nItem no. T74 in volume 1072.g.27.$5Uk
=650  \0$aUgliness.
=650  \0$aSongs, Spanish$vTexts.
=650  \4$aFealdad.
=653  \0$aCanciones españolas--Textos.
=740  02$aDe la nueva cancion del feo y la fea, para cantarla en casas particulares.
=856  40$uhttp://cudl.lib.cam.ac.uk/view/PR-01072-G-00027-00074$yCambridge Digital Library$zItem no. T74 in 1072.g.27
=856  40$uhttp://cudl.lib.cam.ac.uk/view/PR-01072-G-00027-00012$yCambridge Digital Library$zItem no. T12 in 1072.g.27
=859  \\$aXLD$bCambridge Digital Library
=CAT  \\$aWR14_159$b00$c20141016$lBLL01$h1655
=CAT  \\$aWR14_181$c20150323$lBLL01$h1402
=CAT  \\$aW1606-1753$c20171028$lBLL01$h1603
=SRC  \\$aBLWrongdoing
=LAS  \\$aW1606-1753$b00$c20171028$lBLL01$h1603

