=LDR  02337 am a2200565 a 4500
=001  016893081
=003  Uk
=005  20140411170644.0
=006  m\\\\||\\d\|\\\\\\
=007  cr\|||||||||||
=008  120523q17001850sp\a\\\\o\\\\\000\0\spa\\
=FMT  \\$a  BK
=040  \\$aUkCU$beng$cUkCU$dUk
=245  00$aPrimera parte :$bDe los romances de Doña Juana de Acevedo.
=246  3\$aDe los romances de Doña Juana de Acevedo.
=246  18$aTracts 1813-1821
=260  \\$a[S.l. :$bs.n.,$cbetween 1700 and 1850?]
=300  \\$a1 online resource
=336  \\$atext$2rdacontent
=337  \\$acomputer$2rdamedia
=338  \\$aonline resources$2rdacarrier
=500  \\$aText printed in two columns.
=500  \\$aIn verse.
=500  \\$aTwo separate illustrations at head of title; second part with two additional illustrations measuring 50 mm. each.
=500  \\$aCaption title.
=500  \\$aIn two parts. Part two has title: Segunda parte de los romances de Doña Juana de Acevedo.
=599  \\$aItem no. T13 in volume 1072.g.27.$5UkCU
=599  \\$aItem no. T12 in volume 12330.l.1.$5Uk
=533  \\$aElectronic Reproduction$bLondon$cBritish Library$d2012$nItem no. T13 in volume 1072.g.27.$nItem no. T12 in volume 12330.l.1.$5Uk
=650  \4$aJuana de Acevedo (Fictitious character)
=650  \4$aAlonso Romero (Fictitious character)
=650  \0$aBrigands and robbers.
=650  \0$aViolent crimes.
=650  \4$aBandoleros.
=650  \4$aDelitos violentos.
=650  \4$aToros.
=653  \1$aJuana de Acevedo (Personaje ficticio)
=653  \1$aAlonso Romero (Personaje ficticio)
=662  \\$aSpain$dArcos de la Frontera$2lcsh-naf
=662  \\$aSpain$dSevilla$2lcsh-naf
=655  \7$aChapbooks$zSpain.$2rbgenr
=740  02$aSegunda parte de los romances de Doña Juana de Acevedo.
=856  40$uhttp://cudl.lib.cam.ac.uk/view/PR-12330-L-00001-00012$yCambridge Digital Library$zItem no. T12 in 12330.l.1
=856  40$uhttp://cudl.lib.cam.ac.uk/view/PR-01072-G-00027-00013$yCambridge Digital Library$zItem no. T13 in 1072.g.27
=859  \\$aXLD$bCambridge Digital Library
=CAT  \\$aWR14_159$b00$c20141016$lBLL01$h1655
=CAT  \\$aWR14_181$c20150323$lBLL01$h1402
=CAT  \\$aW1606-1753$c20171028$lBLL01$h1603
=SRC  \\$aBLWrongdoing
=LAS  \\$aW1606-1753$b00$c20171028$lBLL01$h1603

