=LDR  02714 am a2200493 a 4500
=001  016893082
=003  Uk
=005  20140416165734.0
=006  m\\\\||\\d\|\\\\\\
=007  cr\|||||||||||
=008  120523q17001850sp\a\\\\o\\\\\000\0\spa\\
=FMT  \\$a  BK
=040  \\$aUkCU$beng$cUkCU$dUk
=245  03$aLa mesonera del cielo :$bprimera parte : nuevo y curioso romance en que se refiere la historia de una hermosa doncella llamada la linda deidad de Francia : cuéntase por extenso los enredos que hubo por ella y como un caballero, por gozarla, hizo pacto con el demonio de entregarle su alma : y lo demas que verá el curioso lector.
=246  30$aNuevo y curioso romance en que se refiere la historia de una hermosa doncella llamada la linda deidad de Francia
=260  \\$a[S.l. :$bs.n.,$cbetween 1700 and 1850?]
=300  \\$a1 online resource
=336  \\$atext$2rdacontent
=337  \\$acomputer$2rdamedia
=338  \\$aonline resources$2rdacarrier
=500  \\$aText printed in two columns.
=500  \\$aIn verse.
=500  \\$aThree separate illustrations at head of title; second part with three additional illustrations at head of title.
=500  \\$aCaption title.
=500  \\$aIn two parts. Part two has title: "Continuanse los sucesos de la linda deidad de Francia y se declara como la convirtió un tio suyo y acabó en una penitente y ejemplar vida en la cueva misma que estuvo al principio : con todo lo demas que verá el curioso lector : la mesonera del cielo."
=599  \\$aItem no. T14 in volume 1072.g.27.$5Uk
=599  \\$aItem no. T17 in volume 12330.l.1.$5Uk
=533  \\$aElectronic Reproduction$bLondon$cBritish Library$d2012$nItem no. T14 in volume 1072.g.27.$nItem no. T17 in volume 12330.l.1.$5Uk
=650  \0$aCourtship.
=650  \0$aRepentance$xChristianity.
=650  \4$aCortejo amoroso.
=650  \4$aArrepentimiento$xCristianismo.
=650  \4$aDemonio.
=655  \7$aChapbooks$zSpain.$2rbgenr
=662  \\$aFrance$2lcsh-naf
=740  02$aContinuanse los sucesos de la linda deidad de Francia y se declara como la convirtió un tio suyo y acabó en una penitente y ejemplar vida en la cueva misma que estuvo al principio.
=856  40$uhttp://cudl.lib.cam.ac.uk/view/PR-12330-L-00001-00017$yCambridge Digital Library$zItem no. T17 in 12330.l.1
=856  40$uhttp://cudl.lib.cam.ac.uk/view/PR-01072-G-00027-00014$yCambridge Digital Library$zItem no. T14 in 1072.g.27
=859  \\$aXLD$bCambridge Digital Library
=CAT  \\$aWR14_159$b00$c20141016$lBLL01$h1655
=CAT  \\$aWR14_181$c20150323$lBLL01$h1402
=CAT  \\$aW1606-1753$c20171028$lBLL01$h1603
=SRC  \\$aBLWrongdoing
=LAS  \\$aW1606-1753$b00$c20171028$lBLL01$h1603

