=LDR  02437 am a2200457 a 4500
=001  016893085
=003  Uk
=005  20140530131337.0
=006  m\\\\||\\d\|\\\\\\
=007  cr\|||||||||||
=008  120531q17001850sp\a\\\\o\\\\\000\0\spa\\
=FMT  \\$a  BK
=040  \\$aUkCU$beng$cUkCU$dUk
=100  1\$aLecha, Francisco.
=245  10$aCoplas de la jota :$bcon estrivillos y cuartillas : coplas para casadas, viudas y doncellas /$ccompuestas nuevamente por el mismo Francisco Lecha, que compuso las de Aguila soy del amor, y la Guirnalda de las coplas de los nombres de mugeres, ahora nuevamente en este presente año.
=260  \\$a[S.l. :$bs.n.,$c[between 1700 and 1850?]
=300  \\$a1 online resource
=336  \\$atext$2rdacontent
=337  \\$acomputer$2rdamedia
=338  \\$aonline resources$2rdacarrier
=500  \\$aText printed in two columns.
=500  \\$aIn verse.
=500  \\$aThree separate illustrations at head of title.
=500  \\$aCaption title.
=505  0\$aCuartillas de la jota -- Consuelos de un amante deseoso de alcanzar una dama -- Coplas de la jota pintando la fealdad, y habilidades de una dama -- Coplas de la jota, para cantar las señoras á sus galanes -- Coplas a las señoras viudas -- Otras coplas de una viuda zalamera -- Otras coplas de la jota, para cantar los mancebos á las puertas de sus damas -- Coplas de la jota para las doncellitas y personas de virtud, del nacimiento del Niño Jesús, de la Virgen, y San José.
=599  \\$aItem no. T17 in volume 1072.g.27.$5Uk
=599  \\$aItem no. T21 in volume 12330.l.1.$5Uk
=533  \\$aElectronic Reproduction$bLondon$cBritish Library$d2012$nItem no. T17 in volume 1072.g.27.$nItem no. T21 in volume 12330.l.1.$5Uk
=650  \0$aSongs, Spanish$vTexts.
=650  \0$aCourtship.
=650  \4$aCortejo amoroso.
=653  \0$aCanciones españolas--Textos.
=655  \7$aChapbooks$zSpain.$2rbgenr
=856  40$uhttp://cudl.lib.cam.ac.uk/view/PR-12330-L-00001-00021$yCambridge Digital Library$zItem no. T21 in 12330.l.1
=856  40$uhttp://cudl.lib.cam.ac.uk/view/PR-01072-G-00027-00017$yCambridge Digital Library$zItem no. T17 in 1072.g.27
=859  \\$aXLD$bCambridge Digital Library
=CAT  \\$aWR14_159$b00$c20141016$lBLL01$h1655
=CAT  \\$aWR14_181$c20150323$lBLL01$h1402
=CAT  \\$aW1606-1753$c20171028$lBLL01$h1603
=SRC  \\$aBLWrongdoing
=LAS  \\$aW1606-1753$b00$c20171028$lBLL01$h1603

