=LDR  01794 am a2200445 a 4500
=001  016893087
=003  Uk
=005  20140416170800.0
=006  m\\\\||\\d\|\\\\\\
=007  cr\|||||||||||
=008  120531q18061845sp\a\\\\o\\\\\000\0\spa\\
=FMT  \\$a  BK
=040  \\$aUkCU$beng$cUkCU$dUk
=245  03$aLa razon y el si que tienen las mugeres en todas las ocasiones en que el hombre la niega :$bprimera parte.
=260  \\$aEn la Coruña :$bImprenta de la viuda de Riesgo,$c[between 1806 and 1845]
=300  \\$a1 online resource
=336  \\$atext$2rdacontent
=337  \\$acomputer$2rdamedia
=338  \\$aonline resources$2rdacarrier
=500  \\$aText printed in two columns.
=500  \\$aIn verse.
=500  \\$aTwo separate illustrations at head of title.
=500  \\$aCaption title.
=500  \\$aImprint from colophon.
=500  \\$aIn two parts.
=599  \\$aItem no. T19 in volume 1072.g.27.$5Uk
=599  \\$aItem no. T19 in volume 12330.l.1.$5Uk
=533  \\$aElectronic Reproduction$bLondon$cBritish Library$d2012$nItem no. T19 in volume 1072.g.27.$nItem no. T19 in volume 12330.l.1.$5Uk
=650  \0$aMan-woman relationships.
=650  \4$aRelaciones hombre-mujer.
=655  \7$aChapbooks$zSpain.$2rbgenr
=752  \\$aSpain$dLa Coruña.
=856  40$uhttp://cudl.lib.cam.ac.uk/view/PR-12330-L-00001-00019$yCambridge Digital Library$zItem no. T19 in 12330.l.1
=856  40$uhttp://cudl.lib.cam.ac.uk/view/PR-01072-G-00027-00019$yCambridge Digital Library$zItem no. T19 in 1072.g.27
=859  \\$aXLD$bCambridge Digital Library
=CAT  \\$aWR14_159$b00$c20141016$lBLL01$h1655
=CAT  \\$aWR14_181$c20150323$lBLL01$h1402
=CAT  \\$aW1606-1753$c20171028$lBLL01$h1603
=SRC  \\$aBLWrongdoing
=LAS  \\$aW1606-1753$b00$c20171028$lBLL01$h1603

