=LDR  02032 am a2200469 a 4500
=001  016893090
=003  Uk
=005  20140417124414.0
=006  m\\\\||\\d\|\\\\\\
=007  cr\|||||||||||
=008  120601q17001850sp\a\\\\o\\\\\000\0\spa\\
=FMT  \\$a  BK
=040  \\$aUkCU$beng$cUkCU$dUk
=245  00$aRelacion nueva de un fino amante á su querida dama.
=260  \\$a[S.l. :$bs.n.,$cbetween 1700 and 1850?]
=300  \\$a1 online resource
=336  \\$atext$2rdacontent
=337  \\$acomputer$2rdamedia
=338  \\$aonline resources$2rdacarrier
=500  \\$aIn verse.
=500  \\$aIllustration at head of title.
=500  \\$aCaption title.
=599  \\$aItem no. T22 in volume 1072.g.27.$5Uk
=599  \\$aItem no. T44 in volume 1072.g.27.$5Uk
=599  \\$aItem no. T25 in volume 12330.l.1.$5Uk
=599  \\$aItem no. T48 in volume 12330.l.1.$5Uk
=533  \\$aElectronic Reproduction$bLondon$cBritish Library$d2012$nItem no. T22 in volume 1072.g.27.$nItem no. T44 in volume 1072.g.27.$nItem no. T25 in volume 12330.l.1.$nItem no. T48 in volume 12330.l.1.$5Uk
=650  \0$aSongs, Spanish$vTexts.
=650  \0$aCourtship.
=650  \4$aCortejo amoroso.
=653  \0$aCanciones españolas--Textos.
=655  \7$aChapbooks$zSpain.$2rbgenr
=856  40$uhttp://cudl.lib.cam.ac.uk/view/PR-12330-L-00001-00048$yCambridge Digital Library$zItem no. T48 in 12330.l.1
=856  40$uhttp://cudl.lib.cam.ac.uk/view/PR-12330-L-00001-00025$yCambridge Digital Library$zItem no. T25 in 12330.l.1
=856  40$uhttp://cudl.lib.cam.ac.uk/view/PR-01072-G-00027-00044$yCambridge Digital Library$zItem no. T44 in 1072.g.27
=856  40$uhttp://cudl.lib.cam.ac.uk/view/PR-01072-G-00027-00022$yCambridge Digital Library$zItem no. T22 in 1072.g.27
=859  \\$aXLD$bCambridge Digital Library
=CAT  \\$aWR14_159$b00$c20141016$lBLL01$h1655
=CAT  \\$aWR14_181$c20150323$lBLL01$h1402
=CAT  \\$aW1606-1753$c20171028$lBLL01$h1603
=SRC  \\$aBLWrongdoing
=LAS  \\$aW1606-1753$b00$c20171028$lBLL01$h1603

