=LDR  02179 am a2200457 a 4500
=001  016893092
=003  Uk
=005  20140417103643.0
=006  m\\\\||\\d\|\\\\\\
=007  cr\|||||||||||
=008  120601q17001850sp\a\\\\o\\\\\000\0\spa\\
=FMT  \\$a  BK
=040  \\$aUkCU$beng$cUkCU$dUk
=245  00$aCoplas graciosas y entretenidas para reir y pasar tiempo :$bdespues de la barriga llena de pechugas de trompos, puntas de aleznas y caldo de campanas, en que se declara como por las galas y el interés está todo el mundo perdido en todos los oficios y exercicios /$ccompuestas por el Doctor Traga sopas, amolador de guitarras y trasquilador de galapagos, natural de Masca la caca.
=260  \\$a[S.l. :$bs.n.,$cbetween 1700 and 1850?]
=300  \\$a1 online resource
=336  \\$atext$2rdacontent
=337  \\$acomputer$2rdamedia
=338  \\$aonline resources$2rdacarrier
=500  \\$aText printed in two columns.
=500  \\$aIn verse.
=500  \\$aThree separate illustrations at head of title.
=500  \\$aCaption title.
=500  \\$aIn two parts. Part two has title: Siguese el mismo asunto sobre el mencionado intento.
=599  \\$aItem no. T24 in volume 1072.g.27.$5Uk
=599  \\$aItem no. T27 in volume 12330.l.1.$5Uk
=533  \\$aElectronic Reproduction$bLondon$cBritish Library$d2012$nItem no. T24 in volume 1072.g.27.$nItem no. T27 in volume 12330.l.1.$5Uk
=650  \0$aSatire, Spanish.
=650  \0$aSongs, Spanish$vTexts.
=650  \4$aSátira española.
=653  \0$aCanciones españolas--Textos.
=655  \7$aChapbooks$zSpain.$2rbgenr
=740  02$aSiguese el mismo asunto sobre el mencionado intento.
=856  40$uhttp://cudl.lib.cam.ac.uk/view/PR-12330-L-00001-00027$yCambridge Digital Library$zItem no. T27 in 12330.l.1
=856  40$uhttp://cudl.lib.cam.ac.uk/view/PR-01072-G-00027-00024$yCambridge Digital Library$zItem no. T24 in 1072.g.27
=859  \\$aXLD$bCambridge Digital Library
=CAT  \\$aWR14_159$b00$c20141016$lBLL01$h1655
=CAT  \\$aWR14_181$c20150323$lBLL01$h1402
=CAT  \\$aW1606-1753$c20171028$lBLL01$h1603
=SRC  \\$aBLWrongdoing
=LAS  \\$aW1606-1753$b00$c20171028$lBLL01$h1603

