=LDR  02533 am a2200505 a 4500
=001  016893093
=003  Uk
=005  20140417103953.0
=006  m\\\\||\\d\|\\\\\\
=007  cr\|||||||||||
=008  120601q17001850sp\a\\\\o\\\\\000\0\spa\\
=FMT  \\$a  BK
=040  \\$aUkCU$beng$cUkCU$dUk
=043  \\$ae-sp---
=245  00$aPrimera parte :$bCurioso y nuevo romance en que se refiere la historia de los vandidos que habitaron los montes de Toledo, ejecutando en ellos notables atrocidades : y lo demás que verá el curioso lector.
=246  30$aCurioso y nuevo romance en que se refiere la historia de los vandidos que habitaron los montes de Toledo
=260  \\$a[S.l. :$bs.n.,$cbetween 1700 and 1850?]
=300  \\$a1 online resource
=336  \\$atext$2rdacontent
=337  \\$acomputer$2rdamedia
=338  \\$aonline resources$2rdacarrier
=500  \\$aText printed in two columns.
=500  \\$aIn verse.
=500  \\$aTwo separate illustrations at head of title; second part with two additional illustrations at head of title.
=500  \\$aCaption title.
=500  \\$aIn two parts. Part two has title: "Curioso y nuevo romance en que se refiere la historia de los vandidos que habitaron los montes de Toledo, ejecutando en ellos notables atrocidades : y lo demás que verá el curioso lector."
=500  \\$aWoodcut ornaments (devices?) at end of first and second part.
=599  \\$aItem no. T25 in volume 1072.g.27.$5Uk
=599  \\$aItem no. T28 in volume 12330.l.1.$5Uk
=533  \\$aElectronic Reproduction$bLondon$cBritish Library$d2012$nItem no. T25 in volume 1072.g.27.$nItem no. T28 in volume 12330.l.1.$5Uk
=650  \0$aBrigands and robbers$zSpain$zToledo.
=650  \0$aViolent crimes.
=650  \4$aBandoleros$zEspaña$zToledo.
=650  \4$aDelitos violentos.
=662  \\$aSpain$dToledo$2lcsh-naf
=655  \7$aChapbooks$zSpain.$2rbgenr
=740  02$aCurioso y nuevo romance en que se refiere la historia de los vandidos que habitaron los montes de Toledo.
=856  40$uhttp://cudl.lib.cam.ac.uk/view/PR-12330-L-00001-00028$yCambridge Digital Library$zItem no. T28 in 12330.l.1
=856  40$uhttp://cudl.lib.cam.ac.uk/view/PR-01072-G-00027-00025$yCambridge Digital Library$zItem no. T25 in 1072.g.27
=859  \\$aXLD$bCambridge Digital Library
=CAT  \\$aWR14_159$b00$c20141016$lBLL01$h1655
=CAT  \\$aWR14_181$c20150323$lBLL01$h1402
=CAT  \\$aW1606-1753$c20171028$lBLL01$h1603
=SRC  \\$aBLWrongdoing
=LAS  \\$aW1606-1753$b00$c20171028$lBLL01$h1603

