=LDR  02309 am a2200481 a 4500
=001  016893095
=003  Uk
=005  20140422101951.0
=006  m\\\\||\\d\|\\\\\\
=007  cr\|||||||||||
=008  120601q17001850sp\a\\\\o\\\\\000\0\spa\\
=FMT  \\$a  BK
=040  \\$aUkCU$beng$cUkCU$dUk
=245  00$aDoña Fenix Alba :$bNueva relacion y curioso romance en que se declaran los maravillosos sucesos de una muy noble señora llamada doña Fenix Alba : dase cuenta como habiéndola sacado un amante suyo de su casa con engaños, la llevó á un monte, en donde la quiso quitar su honor y la dió de puñaladas : como asimismo la venganza que tomó un leon de su alevoso amante y el dichoso fin que tuvo la señora.
=246  3\$aNueva relacion y curioso romance en que se declaran los maravillosos sucesos de una muy noble señora llamada doña Fenix Alba
=260  \\$a[S.l. :$bs.n.,$cbetween 1700 and 1850?]
=300  \\$a1 online resource
=336  \\$atext$2rdacontent
=337  \\$acomputer$2rdamedia
=338  \\$aonline resources$2rdacarrier
=500  \\$aText printed in two columns.
=500  \\$aIn verse.
=500  \\$aIllustration incorporated within title.
=500  \\$aCaption title.
=599  \\$aItem no. T27 in volume 1072.g.27.$5Uk
=599  \\$aItem no. T83 in volume 12330.l.1.$5Uk
=533  \\$aElectronic Reproduction$bLondon$cBritish Library$d2012$nItem no. T27 in volume 1072.g.27.$nItem no. T83 in volume 12330.l.1.$5Uk
=650  \4$aFenix Alba (Fictitious character)
=650  \0$aWomen$xCrimes against.
=650  \0$aRape victims.
=650  \4$aMujeres$xDelitos contra las.
=650  \4$aVíctimas de la violación.
=650  \4$aLeones.
=653  \1$aFenix Alba (Personaje ficticio)
=655  \7$aChapbooks$zSpain.$2rbgenr
=856  40$uhttp://cudl.lib.cam.ac.uk/view/PR-12330-L-00001-00083$yCambridge Digital Library$zItem no. T83 in 12330.l.1
=856  40$uhttp://cudl.lib.cam.ac.uk/view/PR-01072-G-00027-00027$yCambridge Digital Library$zItem no. T27 in 1072.g.27
=859  \\$aXLD$bCambridge Digital Library
=CAT  \\$aWR14_159$b00$c20141016$lBLL01$h1655
=CAT  \\$aWR14_181$c20150323$lBLL01$h1402
=CAT  \\$aW1606-1753$c20171028$lBLL01$h1603
=SRC  \\$aBLWrongdoing
=LAS  \\$aW1606-1753$b00$c20171028$lBLL01$h1603

