=LDR  02196 am a2200553 a 4500
=001  016893096
=003  Uk
=005  20140417105320.0
=006  m\\\\||\\d\|\\\\\\
=007  cr\|||||||||||
=008  120601s1820\\\\sp\a\\\\o\\\\\000\0\spa\\
=FMT  \\$a  BK
=040  \\$aUkCU$beng$cUkCU$dUk
=245  00$aCurioso romance, en que se refiere un lastimoso caso que sucedió á una doncella de la ciudad de Trugillo, llamada Rosaura.
=260  \\$aMadrid :$bImprenta de Alejo Lopez García, calle de los Abades ...,$cAño de 1820.
=300  \\$a1 online resource
=336  \\$atext$2rdacontent
=337  \\$acomputer$2rdamedia
=338  \\$aonline resources$2rdacarrier
=500  \\$aText printed in two columns.
=500  \\$aIn verse.
=500  \\$aThree separate illustrations at head of title.
=500  \\$aCaption title.
=500  \\$aImprint from colophon.
=599  \\$aItem no. T28 in volume 1072.g.27.$5Uk
=599  \\$aItem no. T32 in volume 12330.l.1.$5Uk
=533  \\$aElectronic Reproduction$bLondon$cBritish Library$d2012$nItem no. T28 in volume 1072.g.27.$nItem no. T32 in volume 12330.l.1.$5Uk
=650  \4$aRosaura (Fictitious character)
=650  \0$aWomen$xCrimes against.
=650  \0$aRape victims.
=650  \0$aRevenge.
=650  \4$aMujeres$xDelitos contra las.
=650  \4$aVíctimas de la violación.
=650  \4$aVenganza.
=653  \0$aAlevosía.
=653  \1$aRosaura (Personaje ficticio)
=655  \7$aChapbooks$zSpain.$2rbgenr
=662  \\$aSpain$dTrujillo (Cáceres)$2lcsh-naf
=662  \\$aSpain$gSierra Morena$2lcsh-naf
=700  1\$aLópez García, Alejo,$eprinter.$5Uk
=752  \\$aSpain$dMadrid.
=856  40$uhttp://cudl.lib.cam.ac.uk/view/PR-12330-L-00001-00032$yCambridge Digital Library$zItem no. T32 in 12330.l.1
=856  40$uhttp://cudl.lib.cam.ac.uk/view/PR-01072-G-00027-00028$yCambridge Digital Library$zItem no. T28 in 1072.g.27
=859  \\$aXLD$bCambridge Digital Library
=CAT  \\$aWR14_159$b00$c20141016$lBLL01$h1655
=CAT  \\$aWR14_181$c20150323$lBLL01$h1402
=CAT  \\$aW1606-1753$c20171028$lBLL01$h1603
=SRC  \\$aBLWrongdoing
=LAS  \\$aW1606-1753$b00$c20171028$lBLL01$h1603

