=LDR  02927 am a2200589 a 4500
=001  016893097
=003  Uk
=005  20140417105629.0
=006  m\\\\||\\d\|\\\\\\
=007  cr\|||||||||||
=008  120601q17001850sp\a\\\\o\\\\\000\0\spa\\
=FMT  \\$a  BK
=040  \\$aUkCU$beng$cUkCU$dUk
=245  00$aDoña Josefa Ramirez y Don Pedro Valenzuela :$bNueva relacion y curioso romance en que se da cuenta de los arrojos y arrestos que hasta hoy ha hecho una muger llamada Doña Josefa Ramirez y la felicidad con que salió de todos ellos : como lo verá el curioso lector : primera parte.
=246  3\$aNueva relacion y curioso romance en que se da cuenta de los arrojos y arrestos que hasta hoy ha hecho una muger llamada Doña Josefa Ramirez
=260  \\$a[S.l. :$bs.n.,$cbetween 1700 and 1850?]
=300  \\$a1 online resource
=336  \\$atext$2rdacontent
=337  \\$acomputer$2rdamedia
=338  \\$aonline resources$2rdacarrier
=500  \\$aText printed in two columns.
=500  \\$aIn verse.
=500  \\$aThree separate illustrations at head of title.
=500  \\$aCaption title.
=500  \\$aIn two parts. Part two has title: "Segunda parte, en que se refiere el cautiverio de Doña Josefa Ramirez y los varios sucesos que pasó hasta el fin de su vida."
=599  \\$aItem no. T29 in volume 1072.g.27.$5Uk
=599  \\$aItem no. T33 in volume 12330.l.1.$5Uk
=599  \\$a1072.g.27: Library copy has the last two pages of pt. 1 bound after pt. 2.$5Uk
=533  \\$aElectronic Reproduction$bLondon$cBritish Library$d2012$nItem no. T29 in volume 1072.g.27.$nItem no. T33 in volume 12330.l.1.$n1072.g.27: Library copy has the last two pages of pt. 1 bound after pt. 2.$5Uk
=650  \0$aSex role.
=650  \0$aRevenge.
=650  \4$aRol sexual.
=650  \4$aVenganza.
=650  \4$aConventos.
=650  \4$aJosefa Ramírez (Fictitious character)
=650  \4$aPedro Valenzuela (Fictitious character)
=653  \1$aJosefa Ramírez (Personaje ficticio)
=653  \1$aPedro Valenzuela (Personaje ficticio)
=655  \7$aChapbooks$zSpain.$2rbgenr
=662  \\$aSpain$dBarcelona$2lcsh-naf
=662  \\$aItaly$dRome$2lcsh-naf
=662  \\$aSpain$dAlicante$2lcsh-naf
=662  \\$aSpain$dValencia$2lcsh-naf
=740  02$aSegunda parte, en que se refiere el cautiverio de Doña Josefa Ramirez y los varios sucesos que pasó hasta el fin de su vida.
=856  40$uhttp://cudl.lib.cam.ac.uk/view/PR-12330-L-00001-00033$yCambridge Digital Library$zItem no. T33 in 12330.l.1
=856  40$uhttp://cudl.lib.cam.ac.uk/view/PR-01072-G-00027-00029$yCambridge Digital Library$zItem no. T29 in 1072.g.27
=859  \\$aXLD$bCambridge Digital Library
=CAT  \\$aWR14_159$b00$c20141016$lBLL01$h1655
=CAT  \\$aWR14_181$c20150323$lBLL01$h1402
=CAT  \\$aW1606-1753$c20171028$lBLL01$h1603
=SRC  \\$aBLWrongdoing
=LAS  \\$aW1606-1753$b00$c20171028$lBLL01$h1603

