=LDR  02385 am a2200505 a 4500
=001  016893098
=003  Uk
=005  20140417105040.0
=006  m\\\\||\\d\|\\\\\\
=007  cr\|||||||||||
=008  120601q18041823sp\a\\\\o\\\\\000\0\spa\\
=FMT  \\$a  BK
=040  \\$aUkCU$beng$cUkCU$dUk
=245  00$aRomance nuevo en el que se explica la copia del memorial presentado por las mozas españolas al Ilustre Ayuntamiento de las ciudades, villas y lugares del reyno, quejandose de que no tienen marido :$bprimera parte.
=260  \\$aReimpreso en Madrid :$bImprenta que fué de la viuda de Lopez,$c[between 1804 and 1823?]
=300  \\$a1 online resource
=336  \\$atext$2rdacontent
=337  \\$acomputer$2rdamedia
=338  \\$aonline resources$2rdacarrier
=500  \\$aText printed in two columns.
=500  \\$aIn verse.
=500  \\$aTwo separate illustrations at head of title.
=500  \\$aCaption title.
=500  \\$aImprint from colophon.
=500  \\$aIn two parts. Part two has title: "Romance nuevo en el que se explica el decreto que los señores del Ilustre Ayuntamiento de estos reynos dieron al memorial de las mozas españolas."
=599  \\$aItem no. T30 in volume 1072.g.27.$5Uk
=599  \\$aItem no. T31 in volume 12330.l.1.$5Uk
=533  \\$aElectronic Reproduction$bLondon$cBritish Library$d2012$nItem no. T30 in volume 1072.g.27.$nItem no. T31 in volume 12330.l.1.$5Uk
=650  \0$aSingle women.
=650  \0$aSatire, Spanish.
=650  \0$aMan-woman relationships.
=650  \4$aMujeres solteras.
=650  \4$aSátira española.
=650  \4$aRelaciones hombre-mujer.
=655  \7$aChapbooks$zSpain.$2rbgenr
=740  02$aRomance nuevo en el que se explica el decreto que los señores del Ilustre Ayuntamiento de estos reynos dieron al memorial de las mozas españolas.
=752  \\$aSpain$dMadrid.
=856  40$uhttp://cudl.lib.cam.ac.uk/view/PR-12330-L-00001-00031$yCambridge Digital Library$zItem no. T31 in 12330.l.1
=856  40$uhttp://cudl.lib.cam.ac.uk/view/PR-01072-G-00027-00030$yCambridge Digital Library$zItem no. T30 in 1072.g.27
=859  \\$aXLD$bCambridge Digital Library
=CAT  \\$aWR14_159$b00$c20141016$lBLL01$h1655
=CAT  \\$aWR14_181$c20150323$lBLL01$h1402
=CAT  \\$aW1606-1753$c20171028$lBLL01$h1603
=SRC  \\$aBLWrongdoing
=LAS  \\$aW1606-1753$b00$c20171028$lBLL01$h1603

