=LDR  04014 am a2200745 a 4500
=001  016893099
=003  Uk
=005  20140417110041.0
=006  m\\\\||\\d\|\\\\\\
=007  cr\|||||||||||
=008  120605s1814\\\\sp\a\\\\o\\\\\000\0\spa\\
=FMT  \\$a  BK
=040  \\$aUkCU$beng$cUkCU$dUk
=245  03$aEl cautivo de Leon :$bNueva relacion y curioso romance en que se da cuenta y declara un maravilloso prodigio que obraron María Santísima del Carmen y el bendito San Antonio de Padua con dos devotos suyos, naturales de la Ciudad de Leon, que habiendolos cautivado, fueron libres por la intercesion de esta Divina Señora : con todo lo demas que verá el curioso : sucedió en este año pasado : primera parte.
=246  30$aNueva relacion y curioso romance en que se da cuenta y declara un maravilloso prodigio que obraron María Santísima del Carmen y el bendito San Antonio de Padua con dos devotos suyos
=260  \\$aCon licencia, en Madrid :$bEn la Imprenta de Lopez García, y Hermano,$cAño de 1814.
=300  \\$a1 online resource
=336  \\$atext$2rdacontent
=337  \\$acomputer$2rdamedia
=338  \\$aonline resources$2rdacarrier
=500  \\$aText printed in two columns.
=500  \\$aTwo separate illustrations at head of title; second part with three additional illustrations at head of title.
=500  \\$aIn verse.
=500  \\$aCaption title.
=500  \\$aImprint from colophon of Primera parte.
=500  \\$aIn two parts. Part two has title: "El cautivo de Leon: nuevo y curioso romance en que se prosiguen los maravillosos prodigios que obraron María Santísima del Carmen, y San Antonio de Padua con estos dos Devotos suyos."
=500  \\$aWoodcut ornament (device?) at end of second part.
=599  \\$aItem no. T31 in volume 1072.g.27.$5Uk
=599  \\$aItem no. T34 in volume 12330.l.1.$5Uk
=533  \\$aElectronic Reproduction$bLondon$cBritish Library$d2012$nItem no. T31 in volume 1072.g.27.$nItem no. T34 in volume 12330.l.1.$5Uk
=600  10$aEspiritu Santo, María del Carmen del$xMiracles.
=600  00$aAnthony,$cof Padua, Saint,$d1195-1231$xApparitions and miracles.
=600  14$aEspiritu Santo, María del Carmen del$xMilagros.
=650  \0$aMurder.
=650  \4$aAsesinato.
=650  \0$aChristianity and other religions$xIslam.
=650  \0$aIslam$xRelations$xChristianity.
=650  \0$aConversion$xChristianity.
=650  \4$aCristianismo y otras religiones$xIslamismo.
=650  \4$aIslamismo$xRelaciones$xCristianismo.
=650  \4$aConversión religiosa$xCristianismo.
=650  \4$aMariana del Castillo (Fictitious character)
=650  \4$aAntonio Valentin (Fictitious character)
=650  \4$aEsclavos.
=653  \1$aMariana del Castillo (Personaje ficticio)
=653  \1$aAntonio Valentin (Personaje ficticio)
=653  \1$aSan Antonio de Padua, 1195-1231--Apariciones y milagros.
=655  \7$aChapbooks$zSpain.$2rbgenr
=662  \\$aSpain$dLeón$2lcsh-naf
=662  \\$aSpain$dAlicante$2lcsh-naf
=662  \\$aSpain$dCádiz$2lcsh-naf
=662  \\$aAlgeria$dAlgiers$2lcsh-naf
=662  \\$aAlgeria$dBalearic Islands$2lcsh-naf
=710  2\$aLópez García, y Hermano (Printer),$eprinter.
=740  02$aNuevo y curioso romance en que se prosiguen los maravillosos prodigios que obraron María Santísima del Carmen, y San Antonio de Padua con estos dos Devotos suyos.
=752  \\$aSpain$dMadrid.
=856  40$uhttp://cudl.lib.cam.ac.uk/view/PR-12330-L-00001-00034$yCambridge Digital Library$zItem no. T34 in 12330.l.1
=856  40$uhttp://cudl.lib.cam.ac.uk/view/PR-01072-G-00027-00031$yCambridge Digital Library$zItem no. T31 in 1072.g.27
=859  \\$aXLD$bCambridge Digital Library
=CAT  \\$aWR14_159$b00$c20141016$lBLL01$h1655
=CAT  \\$aBATCH-UPD$b00$c20141016$lBLL01$h1715
=CAT  \\$aWR14_181$c20150323$lBLL01$h1402
=CAT  \\$aW1606-1753$c20171028$lBLL01$h1603
=SRC  \\$aBLWrongdoing
=LAS  \\$aW1606-1753$b00$c20171028$lBLL01$h1603

