=LDR  02241 am a2200445 a 4500
=001  016893100
=003  Uk
=005  20140417111149.0
=006  m\\\\||\\d\|\\\\\\
=007  cr\|||||||||||
=008  120605q17001850sp\a\\\\o\\\\\000\0\spa\\
=FMT  \\$a  BK
=040  \\$aUkCU$beng$cUkCU$dUk
=245  10$aTestamento del serenisimo señor D. Juan de Austria (segundo de este nombre) y fervoroso acto de amor de Dios, que antes de recibir el divino Sacramento hizo su Alteza, y despedimiento amoroso de su hermano Don Carlos segundo : con lo demas que verá el curioso lector.
=260  \\$a[S.l. :$bs.n.,$cbetween 1700 and 1850?]
=300  \\$a1 online resource
=336  \\$atext$2rdacontent
=337  \\$acomputer$2rdamedia
=338  \\$aonline resources$2rdacarrier
=500  \\$aText printed in two columns.
=500  \\$aIn verse.
=500  \\$aIllustration at head of title.
=500  \\$aCaption title.
=599  \\$aItem no. T32 in volume 1072.g.27.$5Uk
=599  \\$aItem no. T32x in volume 1072.g.27.$5Uk
=599  \\$aItem no. T35 in volume 12330.l.1.$5Uk
=599  \\$a1072.g.27: Library copy has p. [3-4] of T32 bound after p. [1-2] of T32x.$5Uk
=533  \\$aElectronic Reproduction$bLondon$cBritish Library$d2012$nItem no. T32 in volume 1072.g.27.$nItem no. T32x in volume 1072.g.27.$nItem no. T35 in volume 12330.l.1.$n1072.g.27: Library copy has p. [3-4] of T32 bound after p. [1-2] of T32x.$5Uk
=600  00$aJohn,$cof Austria,$d1547-1578$xDeath and burial.
=600  04$aJuan,$cde Austria,$d1547-1578$xMuerte y entierro.
=655  \7$aChapbooks$zSpain.$2rbgenr
=856  40$uhttp://cudl.lib.cam.ac.uk/view/PR-12330-L-00001-00035$yCambridge Digital Library$zItem no. T35 in 12330.l.1
=856  40$uhttp://cudl.lib.cam.ac.uk/view/PR-01072-G-00027-00032-X$yCambridge Digital Library$zItem no. T32x in 1072.g.27
=856  40$uhttp://cudl.lib.cam.ac.uk/view/PR-01072-G-00027-00032$yCambridge Digital Library$zItem no. T32 in 1072.g.27
=859  \\$aXLD$bCambridge Digital Library
=CAT  \\$aWR14_159$b00$c20141016$lBLL01$h1655
=CAT  \\$aWR14_181$c20150323$lBLL01$h1402
=CAT  \\$aW1606-1753$c20171028$lBLL01$h1603
=SRC  \\$aBLWrongdoing
=LAS  \\$aW1606-1753$b00$c20171028$lBLL01$h1603

