=LDR  02001cam a2200493 a 4500
=001  016893101
=003  Uk
=005  20140417111435.0
=006  m\\\\||\\d\|\\\\\\
=007  cr\|||||||||||
=008  120605q17001850sp\a\\\\o\\\\\000\0\spa\\
=FMT  \\$a  BK
=040  \\$aUkCU$beng$cUkCU$dUk
=245  00$aRomance nuevo de el esclavo de su esclava y hacer bien nunca es perdido :$bprimera parte.
=260  \\$a[S.l. :$bs.n.,$cbetween 1700 and 1850?]
=300  \\$a1 online resource
=336  \\$atext$2rdacontent
=337  \\$acomputer$2rdamedia
=338  \\$aonline resources$2rdacarrier
=500  \\$aText printed in two columns.
=500  \\$aIn verse.
=500  \\$aThree separate illustrations at head of title; second part with three additional illustrations at head of title.
=500  \\$aCaption title.
=500  \\$aIn two parts.
=599  \\$aItem no. T33 in volume 1072.g.27.$5Uk
=599  \\$aItem no. T36 in volume 12330.l.1.$5Uk
=533  \\$aElectronic Reproduction$bLondon$cBritish Library$d2012$nItem no. T33 in volume 1072.g.27.$nItem no. T36 in volume 12330.l.1.$5Uk
=650  \0$aChristianity and other religions$xIslam.
=650  \0$aIslam$xRelations$xChristianity.
=650  \0$aEnslaved persons.
=650  \4$aCristianismo y otras religiones$xIslamismo.
=650  \4$aIslamismo$xRelaciones$xCristianismo.
=650  \4$aEsclavos.
=650  \4$aCautivos.
=655  \7$aChapbooks$zSpain.$2rbgenr
=856  40$uhttp://cudl.lib.cam.ac.uk/view/PR-12330-L-00001-00036$yCambridge Digital Library$zItem no. T36 in 12330.l.1
=856  40$uhttp://cudl.lib.cam.ac.uk/view/PR-01072-G-00027-00033$yCambridge Digital Library$zItem no. T33 in 1072.g.27
=859  \\$aXLD$bCambridge Digital Library
=CAT  \\$aWR14_159$b00$c20141016$lBLL01$h1655
=CAT  \\$aWR14_181$c20150323$lBLL01$h1402
=CAT  \\$aW1606-1753$c20171028$lBLL01$h1603
=CAT  \\$a11249$b40$c20230601$lBLL01$h1439
=SRC  \\$aBLWrongdoing
=LAS  \\$a11249$b40$c20230601$lBLL01$h1439

