=LDR  02042 am a2200445 a 4500
=001  016893102
=003  Uk
=005  20140417112052.0
=006  m\\\\||\\d\|\\\\\\
=007  cr\|||||||||||
=008  120605q17001850sp\a\\\\o\\\\\000\0\spa\\
=FMT  \\$a  BK
=040  \\$aUkCU$beng$cUkCU$dUk
=245  00$aBreve relacion y curiosa carta dando cuenta de una prodigiosa isla que se ha descubierto junto al reyno de los matricanos, llamada tierra de Tartánea :$brefierese con el aparato, ostentacion y grandeza que se vive en ella como lo declara la gustosa copia, que es la siguiente.
=260  \\$a[S.l. :$bs.n.,$cbetween 1700 and 1850?]
=300  \\$a1 online resource
=336  \\$atext$2rdacontent
=337  \\$acomputer$2rdamedia
=338  \\$aonline resources$2rdacarrier
=500  \\$aText printed in two columns.
=500  \\$aIn verse.
=500  \\$aIllustration at head of title.
=500  \\$aCaption title.
=599  \\$aItem no. T34 in volume 1072.g.27.$5Uk
=599  \\$aItem no. T37 in volume 12330.l.1.$5Uk
=599  \\$a12330.l.1: the word "Tartánea" has diacritic on a different syllable, i.e. "Tartanéa".$5Uk
=533  \\$aElectronic Reproduction$bLondon$cBritish Library$d2012$nItem no. T34 in volume 1072.g.27.$nItem no. T37 in volume 12330.l.1.$n12330.l.1: the word "Tartánea" has diacritic on a different syllable, i.e. "Tartanéa".$5Uk
=650  \0$aVoyages and travels.
=650  \0$aIslands.
=650  \4$aViajes.
=650  \4$aIslas.
=655  \7$aChapbooks$zSpain.$2rbgenr
=856  40$uhttp://cudl.lib.cam.ac.uk/view/PR-12330-L-00001-00037$yCambridge Digital Library$zItem no. T37 in 12330.l.1
=856  40$uhttp://cudl.lib.cam.ac.uk/view/PR-01072-G-00027-00034$yCambridge Digital Library$zItem no. T34 in 1072.g.27
=859  \\$aXLD$bCambridge Digital Library
=CAT  \\$aWR14_159$b00$c20141016$lBLL01$h1655
=CAT  \\$aWR14_181$c20150323$lBLL01$h1402
=CAT  \\$aW1606-1753$c20171028$lBLL01$h1603
=SRC  \\$aBLWrongdoing
=LAS  \\$aW1606-1753$b00$c20171028$lBLL01$h1603

