=LDR  02246 am a2200469 a 4500
=001  016893103
=003  Uk
=005  20140417115627.0
=006  m\\\\||\\d\|\\\\\\
=007  cr\|||||||||||
=008  120605q17001850sp\a\\\\o\\\\\000\0\spa\\
=FMT  \\$a  BK
=040  \\$aUkCU$beng$cUkCU$dUk
=245  00$aPrimera parte :$bEn que se refiere la peregrina historia y trágica vida de la penitente anacoreta la Princesa de Bravante Santa Genoveva, sacada de la vida, que anda impresa de la misma Santa.
=246  30$aEn que se refiere la peregrina historia y trágica vida de la penitente anacoreta la Princesa de Bravante Santa Genoveva
=260  \\$a[S.l. :$bs.n.,$cbetween 1700 and 1850?]
=300  \\$a1 online resource
=336  \\$atext$2rdacontent
=337  \\$acomputer$2rdamedia
=338  \\$aonline resources$2rdacarrier
=500  \\$aText printed in two columns.
=500  \\$aIn verse.
=500  \\$aIllustration at head of title.
=500  \\$aCaption title.
=500  \\$aIn two parts. Part two has title: Segunda parte, en que se da fin a la peregrina historia de la invencible Princesa de Bravante, Santa Genoveva.
=599  \\$aItem no. T35 in volume 1072.g.27.$5Uk
=599  \\$aItem no. T39 in volume 12330.l.1.$5Uk
=533  \\$aElectronic Reproduction$bLondon$cBritish Library$d2012$nItem no. T35 in volume 1072.g.27.$nItem no. T39 in volume 12330.l.1.$5Uk
=650  \0$aGeneviève, of Brabant (Legendary character)
=650  \0$aRevenge.
=650  \4$aVenganza.
=653  \1$aGenoveva, de Brabante (Personaje legendario)
=655  \7$aChapbooks$zSpain.$2rbgenr
=740  02$aSegunda parte, en que se da fin a la peregrina historia de la invencible Princesa de Bravante, Santa Genoveva.
=856  40$uhttp://cudl.lib.cam.ac.uk/view/PR-12330-L-00001-00039$yCambridge Digital Library$zItem no. T39 in 12330.l.1
=856  40$uhttp://cudl.lib.cam.ac.uk/view/PR-01072-G-00027-00035$yCambridge Digital Library$zItem no. T35 in 1072.g.27
=859  \\$aXLD$bCambridge Digital Library
=CAT  \\$aWR14_159$b00$c20141016$lBLL01$h1655
=CAT  \\$aWR14_181$c20150323$lBLL01$h1402
=CAT  \\$aW1606-1753$c20171028$lBLL01$h1603
=SRC  \\$aBLWrongdoing
=LAS  \\$aW1606-1753$b00$c20171028$lBLL01$h1603

