=LDR  01954 am a2200445 a 4500
=001  016893106
=003  Uk
=005  20140417121929.0
=006  m\\\\||\\d\|\\\\\\
=007  cr\|||||||||||
=008  120605q17001850sp\a\\\\o\\\\\000\0\spa\\
=FMT  \\$a  BK
=040  \\$aUkCU$beng$cUkCU$dUk
=245  00$aAlabanzas a los prodigios y milagros de San Antonio de Padua, fidelisimo abogado para con sus devotos en todas las necesidades.
=260  \\$a[S.l. :$bs.n.,$cbetween 1700 and 1850?]
=300  \\$a1 online resource
=336  \\$atext$2rdacontent
=337  \\$acomputer$2rdamedia
=338  \\$aonline resources$2rdacarrier
=500  \\$aText printed in two columns.
=500  \\$aIn verse.
=500  \\$aIllustration at head of title.
=500  \\$aCaption title.
=500  \\$a"Responsorio del glorioso San Antonio de Padua, abogado de las cosas perdidas": p. [4].
=599  \\$aItem no. T38 in volume 1072.g.27.$5Uk
=599  \\$aItem no. T43 in volume 12330.l.1.$5Uk
=533  \\$aElectronic Reproduction$bLondon$cBritish Library$d2012$nItem no. T38 in volume 1072.g.27.$nItem no. T43 in volume 12330.l.1.$5Uk
=600  00$aAnthony,$cof Padua, Saint,$d1195-1231$xMiracles.
=653  \1$aSan Antonio de Padua, 1195-1231--Milagros.
=655  \7$aChapbooks$zSpain.$2rbgenr
=740  02$aResponsorio del glorioso San Antonio de Padua, abogado de las cosas perdidas.
=856  40$uhttp://cudl.lib.cam.ac.uk/view/PR-12330-L-00001-00043$yCambridge Digital Library$zItem no. T43 in 12330.l.1
=856  40$uhttp://cudl.lib.cam.ac.uk/view/PR-01072-G-00027-00038$yCambridge Digital Library$zItem no. T38 in 1072.g.27
=859  \\$aXLD$bCambridge Digital Library
=CAT  \\$aWR14_159$b00$c20141016$lBLL01$h1655
=CAT  \\$aBATCH-UPD$b00$c20141016$lBLL01$h1656
=CAT  \\$aWR14_181$c20150323$lBLL01$h1402
=CAT  \\$aW1606-1753$c20171028$lBLL01$h1603
=SRC  \\$aBLWrongdoing
=LAS  \\$aW1606-1753$b00$c20171028$lBLL01$h1603

