=LDR  02200 am a2200481 a 4500
=001  016893107
=003  Uk
=005  20140417123504.0
=006  m\\\\||\\d\|\\\\\\
=007  cr\|||||||||||
=008  120605q17001850sp\a\\\\o\\\\\000\0\spa\\
=FMT  \\$a  BK
=040  \\$aUkCU$beng$cUkCU$dUk
=245  00$aFamosa xacara nueva, graciosa y entretenida para reir, y pasar el tiempo despues de la panza llena, y no de viento, intitulada Picaros hay con fortuna :$bcon todo lo demas que verá el curioso lector.
=260  \\$a[S.l. :$bs.n.,$cbetween 1700 and 1850?]
=300  \\$a1 online resource
=336  \\$atext$2rdacontent
=337  \\$acomputer$2rdamedia
=338  \\$aonline resources$2rdacarrier
=500  \\$aText printed in two columns.
=500  \\$aIn verse.
=500  \\$aIllustration at head of title.
=500  \\$aCaption title.
=500  \\$a"A lo ultimo vá añadido la del Duque es muy cuerdo en todo."
=599  \\$aItem no. T39 in volume 1072.g.27.$5Uk
=599  \\$aItem no. T45 in volume 12330.l.1.$5Uk
=599  \\$aItem no. T46 in volume 12330.l.1.$5Uk
=599  \\$a12330.l.1: item T46 contains p. [3-4] of item T45.
=533  \\$aElectronic Reproduction$bLondon$cBritish Library$d2012$nItem no. T39 in volume 1072.g.27.$nItem no. T45 in volume 12330.l.1.$nItem no. T46 in volume 12330.l.1.$n12330.l.1: item T46 contains p. [3-4] of item T45.$5Uk
=650  \0$aRogues and vagabonds.
=650  \4$aPícaros.
=653  \0$aGolfos.
=655  \7$aChapbooks$zSpain.$2rbgenr
=740  02$aDuque es muy cuerdo en todo.
=856  40$uhttp://cudl.lib.cam.ac.uk/view/PR-12330-L-00001-00046$yCambridge Digital Library$zItem no. T46 in 12330.l.1
=856  40$uhttp://cudl.lib.cam.ac.uk/view/PR-12330-L-00001-00045$yCambridge Digital Library$zItem no. T45 in 12330.l.1
=856  40$uhttp://cudl.lib.cam.ac.uk/view/PR-01072-G-00027-00039$yCambridge Digital Library$zItem no. T39 in 1072.g.27
=859  \\$aXLD$bCambridge Digital Library
=CAT  \\$aWR14_159$b00$c20141016$lBLL01$h1655
=CAT  \\$aWR14_181$c20150323$lBLL01$h1402
=CAT  \\$aW1606-1753$c20171028$lBLL01$h1603
=SRC  \\$aBLWrongdoing
=LAS  \\$aW1606-1753$b00$c20171028$lBLL01$h1603

