=LDR  01874 am a2200469 a 4500
=001  016893109
=003  Uk
=005  20140417123751.0
=006  m\\\\||\\d\|\\\\\\
=007  cr\|||||||||||
=008  120605q17001850sp\a\\\\o\\\\\000\0\spa\\
=FMT  \\$a  BK
=040  \\$aUkCU$beng$cUkCU$dUk
=245  03$aEl trigo y el dinero :$bNueva relacion, en que se refiere la disputa que tuvo el Trigo con el Dinero, sobre qual era de mayor excelencia.
=246  30$aNueva relacion, en que se refiere la disputa que tuvo el Trigo con el Dinero, sobre qual era de mayor excelencia
=260  \\$a[S.l. :$bs.n.,$cbetween 1700 and 1850?]
=300  \\$a1 online resource
=336  \\$atext$2rdacontent
=337  \\$acomputer$2rdamedia
=338  \\$aonline resources$2rdacarrier
=500  \\$aText printed in two columns.
=500  \\$aIn verse.
=500  \\$aTwo separate illustrations at head of title.
=500  \\$aCaption title.
=599  \\$aItem no. T42 in volume 1072.g.27.$5Uk
=599  \\$aItem no. T47 in volume 12330.l.1.$5Uk
=533  \\$aElectronic Reproduction$bLondon$cBritish Library$d2012$nItem no. T42 in volume 1072.g.27.$nItem no. T47 in volume 12330.l.1.$5Uk
=650  \0$aParody.
=650  \0$aWheat.
=650  \0$aMoney.
=650  \4$aParodia.
=650  \4$aTrigo.
=650  \4$aDinero.
=655  \7$aChapbooks$zSpain.$2rbgenr
=856  40$uhttp://cudl.lib.cam.ac.uk/view/PR-12330-L-00001-00047$yCambridge Digital Library$zItem no. T47 in 12330.l.1
=856  40$uhttp://cudl.lib.cam.ac.uk/view/PR-01072-G-00027-00042$yCambridge Digital Library$zItem no. T42 in 1072.g.27
=859  \\$aXLD$bCambridge Digital Library
=CAT  \\$aWR14_159$b00$c20141016$lBLL01$h1655
=CAT  \\$aWR14_181$c20150323$lBLL01$h1402
=CAT  \\$aW1606-1753$c20171028$lBLL01$h1603
=SRC  \\$aBLWrongdoing
=LAS  \\$aW1606-1753$b00$c20171028$lBLL01$h1603

