=LDR  01996 am a2200481 a 4500
=001  016893110
=003  Uk
=005  20140417140524.0
=006  m\\\\||\\d\|\\\\\\
=007  cr\|||||||||||
=008  120605q17981825sp\a\\\\o\\\\\000\0\spa\\
=FMT  \\$a  BK
=040  \\$aUkCU$beng$cUkCU$dUk
=245  00$aNuevo romance donde se declara el riguroso castigo que Dios nuestro Señor dió á una infeliz doncella la qual por inobediente á sus padres fué despedazada por los demonios :$bcaso sucedido en este presente año.
=260  \\$aCon licencia en Córdova :$bImprenta de Ramos,$c[between 1798 and 1825?]
=300  \\$a1 online resource
=336  \\$atext$2rdacontent
=337  \\$acomputer$2rdamedia
=338  \\$aonline resources$2rdacarrier
=500  \\$aText printed in two columns.
=500  \\$aIn verse.
=500  \\$aThree separate illustrations at head of title.
=500  \\$aCaption title.
=500  \\$aImprint from colophon.
=500  \\$aIn two parts.
=599  \\$aItem no. T43 in volume 1072.g.27.$5Uk
=599  \\$aItem no. T50 in volume 12330.l.1.$5Uk
=533  \\$aElectronic Reproduction$bLondon$cBritish Library$d2012$nItem no. T43 in volume 1072.g.27.$nItem no. T50 in volume 12330.l.1.$5Uk
=650  \0$aJudgment of God.
=650  \0$aChristianity and justice.
=650  \4$aDemonio.
=653  \0$aJusticia divina.
=653  \0$aDesacuerdo familiar.
=655  \7$aChapbooks$zSpain.$2rbgenr
=752  \\$aSpain$dCórdoba.
=856  40$uhttp://cudl.lib.cam.ac.uk/view/PR-12330-L-00001-00050$yCambridge Digital Library$zItem no. T50 in 12330.l.1
=856  40$uhttp://cudl.lib.cam.ac.uk/view/PR-01072-G-00027-00043$yCambridge Digital Library$zItem no. T43 in 1072.g.27
=859  \\$aXLD$bCambridge Digital Library
=CAT  \\$aWR14_159$b00$c20141016$lBLL01$h1655
=CAT  \\$aWR14_181$c20150323$lBLL01$h1402
=CAT  \\$aW1606-1753$c20171028$lBLL01$h1603
=SRC  \\$aBLWrongdoing
=LAS  \\$aW1606-1753$b00$c20171028$lBLL01$h1603

