=LDR  02037 am a2200505 a 4500
=001  016893111
=003  Uk
=005  20140417124738.0
=006  m\\\\||\\d\|\\\\\\
=007  cr\|||||||||||
=008  120608q17001850sp\a\\\\o\\\\\000\0\spa\\
=FMT  \\$a  BK
=040  \\$aUkCU$beng$cUkCU$dUk
=245  00$aNuevo y curioso romance en que se declarán las virtudes del dia á lo divino.
=260  \\$a[S.l. :$bs.n.,$cbetween 1700 and 1850?]
=300  \\$a1 online resource
=336  \\$atext$2rdacontent
=337  \\$acomputer$2rdamedia
=338  \\$aonline resources$2rdacarrier
=500  \\$aText printed in two columns.
=500  \\$aIn verse.
=500  \\$aIllustration at head of title; second part with additional illustration at head of title.
=500  \\$aCaption title.
=500  \\$aIn two parts. Part two has title: Segunda parte, en que se declaran las virtudes de la noche á lo divino.
=599  \\$aItem no. T45 in volume 1072.g.27.$5Uk
=599  \\$aItem no. T49 in volume 12330.l.1.$5Uk
=533  \\$aElectronic Reproduction$bLondon$cBritish Library$d2012$nItem no. T45 in volume 1072.g.27.$nItem no. T49 in volume 12330.l.1.$5Uk
=600  00$aGod (Christianity)$xOmnipotence.
=600  00$aJesus Christ.
=650  \0$aDay.
=650  \0$aNight
=600  04$aDios$xOmnipotencia.
=600  04$aJesucristo.
=650  \4$aDía.
=650  \4$aNoche.
=655  \7$aChapbooks$zSpain.$2rbgenr
=740  02$aSegunda parte, en que se declaran las virtudes de la noche á lo divino.
=856  40$uhttp://cudl.lib.cam.ac.uk/view/PR-12330-L-00001-00049$yCambridge Digital Library$zItem no. T49 in 12330.l.1
=856  40$uhttp://cudl.lib.cam.ac.uk/view/PR-01072-G-00027-00045$yCambridge Digital Library$zItem no. T45 in 1072.g.27
=859  \\$aXLD$bCambridge Digital Library
=CAT  \\$aWR14_159$b00$c20141016$lBLL01$h1655
=CAT  \\$aWR14_181$c20150323$lBLL01$h1402
=CAT  \\$aW1606-1753$c20171028$lBLL01$h1603
=SRC  \\$aBLWrongdoing
=LAS  \\$aW1606-1753$b00$c20171028$lBLL01$h1603

