=LDR  02465 am a2200541 a 4500
=001  016893112
=003  Uk
=005  20140417140753.0
=006  m\\\\||\\d\|\\\\\\
=007  cr\|||||||||||
=008  120608q17641792sp\a\\\\o\\\\\000\0\spa\\
=FMT  \\$a  BK
=040  \\$aUkCU$beng$cUkCU$dUk
=245  03$aEl alarve de Marsella :$bVerdadera relacion y curioso romance en que se declara el riguroso castigo que executó Dios nuestro Señor con un caballero de Marsella, que por haber muerto á su padre y á un hermano suyo, y otras atrocidades, permitió la magestad de Dios que se transformase en la forma que verá el curioso lector en el siguiente romance : primera parte.
=246  3\$aVerdadera relacion y curioso romance en que se declara el riguroso castigo que executó Dios nuestro Señor con un caballero de Marsella
=260  \\$aCon licencia en Madrid :$bEn la imprenta de Andrés de Sotos,$c[between 1764 and 1792]
=300  \\$a1 online resource
=336  \\$atext$2rdacontent
=337  \\$acomputer$2rdamedia
=338  \\$aonline resources$2rdacarrier
=500  \\$aText printed in two columns.
=500  \\$aIn verse.
=500  \\$aIllustration at head of title.
=500  \\$aCaption title.
=500  \\$aImprint from colophon.
=500  \\$aIn two parts.
=599  \\$aItem no. T46 in volume 1072.g.27.$5Uk
=599  \\$aItem no. T51 in volume 12330.l.1.$5Uk
=533  \\$aElectronic Reproduction$bLondon$cBritish Library$d2012$nItem no. T46 in volume 1072.g.27.$nItem no. T51 in volume 12330.l.1.$5Uk
=650  \0$aFratricide.
=650  \0$aParricide.
=650  \0$aJudgment of God.
=650  \0$aChristianity and justice.
=650  \4$aFratricidio.
=650  \4$aParricidio.
=653  \0$aJusticia divina.
=655  \7$aChapbooks$zSpain.$2rbgenr
=662  \\$aFrance$dMarseille$2lcsh-naf
=700  1\$aSotos, Andrés de,$dactive 1764-1792,$eprinter.$5UkCU
=752  \\$aSpain$dMadrid.
=856  40$uhttp://cudl.lib.cam.ac.uk/view/PR-12330-L-00001-00051$yCambridge Digital Library$zItem no. T51 in 12330.l.1
=856  40$uhttp://cudl.lib.cam.ac.uk/view/PR-01072-G-00027-00046$yCambridge Digital Library$zItem no. T46 in 1072.g.27
=859  \\$aXLD$bCambridge Digital Library
=CAT  \\$aWR14_159$b00$c20141016$lBLL01$h1655
=CAT  \\$aWR14_181$c20150323$lBLL01$h1402
=CAT  \\$aW1606-1753$c20171028$lBLL01$h1603
=SRC  \\$aBLWrongdoing
=LAS  \\$aW1606-1753$b00$c20171028$lBLL01$h1603

