=LDR  01904 am a2200409 a 4500
=001  016893113
=003  Uk
=005  20140417141228.0
=006  m\\\\||\\d\|\\\\\\
=007  cr\|||||||||||
=008  120608q17001850sp\a\\\\o\\\\\000\0\spa\\
=FMT  \\$a  BK
=040  \\$aUkCU$beng$cUkCU$dUk
=245  00$aArenga burlesca para representarla en qualquier funcion, en la qual se da zurra á las mugeres, estudiantes, á los tuertos y á los calvos /$ccompuesta por el bachiller Descuerna Cabras, texedor de pergaminos, capador de ranas, gran maestro de chimeneas francesas, graduado en la Universidad de Xauja, y primo en sexto grado por linea transversal del baca de Belasquillo.
=260  \\$a[S.l. :$bs.n.,$cbetween 1700 and 1850?]
=300  \\$a1 online resource
=336  \\$atext$2rdacontent
=337  \\$acomputer$2rdamedia
=338  \\$aonline resources$2rdacarrier
=500  \\$aText printed in one or two columns.
=500  \\$aIllustration at head of title.
=500  \\$aIn verse.
=500  \\$aCaption title.
=599  \\$aItem no. T47 in volume 1072.g.27.$5Uk
=599  \\$aItem no. T52 in volume 12330.l.1.$5Uk
=533  \\$aElectronic Reproduction$bLondon$cBritish Library$d2012$nItem no. T47 in volume 1072.g.27.$nItem no. T52 in volume 12330.l.1.$5Uk
=650  \0$aSatire, Spanish.
=650  \4$aSátira española.
=655  \7$aChapbooks$zSpain.$2rbgenr
=856  40$uhttp://cudl.lib.cam.ac.uk/view/PR-12330-L-00001-00052$yCambridge Digital Library$zItem no. T52 in 12330.l.1
=856  40$uhttp://cudl.lib.cam.ac.uk/view/PR-01072-G-00027-00047$yCambridge Digital Library$zItem no. T47 in 1072.g.27
=859  \\$aXLD$bCambridge Digital Library
=CAT  \\$aWR14_159$b00$c20141016$lBLL01$h1655
=CAT  \\$aWR14_181$c20150323$lBLL01$h1402
=CAT  \\$aW1606-1753$c20171028$lBLL01$h1603
=SRC  \\$aBLWrongdoing
=LAS  \\$aW1606-1753$b00$c20171028$lBLL01$h1603

