=LDR  01925 am a2200505 a 4500
=001  016893117
=003  Uk
=005  20140417142806.0
=006  m\\\\||\\d\|\\\\\\
=007  cr\|||||||||||
=008  120608q17001850sp\a\\\\o\\\\\000\0\spa\\
=FMT  \\$a  BK
=040  \\$aUkCU$beng$cUkCU$dUk
=245  00$aRelacion nueva :$bEl valor bien empleado por la hermosa Doña Blanca.
=246  30$aValor bien empleado por la hermosa Doña Blanca
=260  \\$a[S.l. :$bs.n.,$cbetween 1700 and 1850?]
=300  \\$a1 online resource
=336  \\$atext$2rdacontent
=337  \\$acomputer$2rdamedia
=338  \\$aonline resources$2rdacarrier
=500  \\$aText printed in two columns.
=500  \\$aIn verse.
=500  \\$aTwo separate illustrations at head of title.
=500  \\$aCaption title.
=599  \\$aItem no. T51 in volume 1072.g.27.$5Uk
=599  \\$aItem no. T56 in volume 12330.l.1.$5Uk
=533  \\$aElectronic Reproduction$bLondon$cBritish Library$d2012$nItem no. T51 in volume 1072.g.27.$nItem no. T56 in volume 12330.l.1.$5Uk
=650  \0$aAdultery.
=650  \0$aSocial justice.
=650  \4$aAdulterio.
=650  \4$aJusticia social.
=655  \7$aChapbooks$zSpain.$2rbgenr
=662  \\$aBelgium$dFlanders$2lcsh-naf
=662  \\$aSpain$dMadrid$2lcsh-naf
=662  \\$aSpain$dSeville$2lcsh-naf
=662  \\$aSpain$dCádiz$2lcsh-naf
=662  \\$aFrance$dParis$2lcsh-naf
=856  40$uhttp://cudl.lib.cam.ac.uk/view/PR-12330-L-00001-00056$yCambridge Digital Library$zItem no. T56 in 12330.l.1
=856  40$uhttp://cudl.lib.cam.ac.uk/view/PR-01072-G-00027-00051$yCambridge Digital Library$zItem no. T51 in 1072.g.27
=859  \\$aXLD$bCambridge Digital Library
=CAT  \\$aWR14_159$b00$c20141016$lBLL01$h1655
=CAT  \\$aWR14_181$c20150323$lBLL01$h1402
=CAT  \\$aW1606-1753$c20171028$lBLL01$h1603
=SRC  \\$aBLWrongdoing
=LAS  \\$aW1606-1753$b00$c20171028$lBLL01$h1603

