=LDR  02198 am a2200505 a 4500
=001  016893118
=003  Uk
=005  20140417142955.0
=006  m\\\\||\\d\|\\\\\\
=007  cr\|||||||||||
=008  120608q17001850sp\a\\\\o\\\\\000\0\spa\\
=FMT  \\$a  BK
=040  \\$aUkCU$beng$cUkCU$dUk
=245  00$aDon Juan de Flores :$bNuevo y curioso romance, en que se refieren los amores y cautiverio de Don Juan de Flores y Doña Laura y como por intercesion de Nuestra Señora de la Cabeza y el glorioso San Antonio de Padua fueron libres : con lo demás que verá el curioso lector.
=246  30$aNuevo y curioso romance, en que se refieren los amores y cautiverio de Don Juan de Flores y Doña Laura
=260  \\$a[S.l. :$bs.n.,$cbetween 1700 and 1850?]
=300  \\$a1 online resource
=336  \\$atext$2rdacontent
=337  \\$acomputer$2rdamedia
=338  \\$aonline resources$2rdacarrier
=500  \\$aText printed in two columns.
=500  \\$aIn verse.
=500  \\$aThree separate illustrations at head of title.
=500  \\$aCaption title.
=599  \\$aItem no. T52 in volume 1072.g.27.$5Uk
=599  \\$aItem no. T57 in volume 12330.l.1.$5Uk
=533  \\$aElectronic Reproduction$bLondon$cBritish Library$d2012$nItem no. T52 in volume 1072.g.27.$nItem no. T57 in volume 12330.l.1.$5Uk
=650  \0$aCaptivity.
=650  \0$aCourtship.
=650  \4$aJuan de Flores (Fictitious character)
=650  \4$aCautividad.
=650  \4$aEsclavos.
=650  \4$aCortejo amoroso.
=653  \1$aJuan de Flores (Personaje ficticio)
=655  \7$aChapbooks$zSpain.$2rbgenr
=662  \\$aSpain$dValencia$2lcsh-naf
=662  \\$aSpain$dAlicante$2lcsh-naf
=856  40$uhttp://cudl.lib.cam.ac.uk/view/PR-12330-L-00001-00057$yCambridge Digital Library$zItem no. T57 in 12330.l.1
=856  40$uhttp://cudl.lib.cam.ac.uk/view/PR-01072-G-00027-00052$yCambridge Digital Library$zItem no. T52 in 1072.g.27
=859  \\$aXLD$bCambridge Digital Library
=CAT  \\$aWR14_159$b00$c20141016$lBLL01$h1655
=CAT  \\$aWR14_181$c20150323$lBLL01$h1402
=CAT  \\$aW1606-1753$c20171028$lBLL01$h1603
=SRC  \\$aBLWrongdoing
=LAS  \\$aW1606-1753$b00$c20171028$lBLL01$h1603

