=LDR  02787 am a2200517 a 4500
=001  016893122
=003  Uk
=005  20140417153736.0
=006  m\\\\||\\d\|\\\\\\
=007  cr\|||||||||||
=008  120608q17001850sp\a\\\\o\\\\\000\0\spa\\
=FMT  \\$a  BK
=040  \\$aUkCU$beng$cUkCU$dUk
=245  03$aEl hijo del verdugo :$bVerdadero romance en que se refieren los sucesos de este mancebo, natural de la ciudad de Córdova el cual se pasó á los reynos de las Indias y logró grandes fortunas, como verá el curioso en esta primera parte.
=246  3\$aVerdadero romance en que se refieren los sucesos de este mancebo
=260  \\$a[S.l. :$bs.n.,$cbetween 1700 and 1850?]
=300  \\$a1 online resource
=336  \\$atext$2rdacontent
=337  \\$acomputer$2rdamedia
=338  \\$aonline resources$2rdacarrier
=500  \\$aText printed in two columns.
=500  \\$aIn verse.
=500  \\$aThree separate illustrations incorporated within title; second part with three additional illustrations incorporated within title.
=500  \\$aCaption title.
=500  \\$aIn two parts. Part two has title: El hijo del verdugo : nueva relacion y curioso romance en que se finalizan los sucesos y nunca esperadas fortunas de este mancebo, natural de la ciudad de Córdoba, el cual mereció los mas altos empleos en los reynos de las Indias, como verá el curioso en esta segunda parte.
=599  \\$aItem no. T56 in volume 1072.g.27.$5Uk
=599  \\$aItem no. T69 in volume 12330.l.1.$5Uk
=533  \\$aElectronic Reproduction$bLondon$cBritish Library$d2012$nItem no. T56 in volume 1072.g.27.$nItem no. T69 in volume 12330.l.1.$5Uk
=650  \0$aSocial mobility.
=650  \0$aMistaken identity.
=650  \0$aInfants switched at birth.
=650  \4$aMovilidad social.
=650  \4$aInfantes cambiados al nacer.
=653  \0$aFalsificación de identidad.
=653  \0$aVerdugos.
=655  \7$aChapbooks$zSpain.$2rbgenr
=662  \\$aSpain$dCórdoba$2lcsh-naf
=740  02$aNueva relacion y curioso romance en que se finalizan los sucesos y nunca esperadas fortunas de este mancebo, natural de la ciudad de Córdoba, el cual mereció los mas altos empleos en los reynos de las Indias, como verá el curioso en esta segunda parte.
=856  40$uhttp://cudl.lib.cam.ac.uk/view/PR-12330-L-00001-00069$yCambridge Digital Library$zItem no. T69 in 12330.l.1
=856  40$uhttp://cudl.lib.cam.ac.uk/view/PR-01072-G-00027-00056$yCambridge Digital Library$zItem no. T56 in 1072.g.27
=859  \\$aXLD$bCambridge Digital Library
=CAT  \\$aWR14_159$b00$c20141016$lBLL01$h1655
=CAT  \\$aWR14_181$c20150323$lBLL01$h1402
=CAT  \\$aW1606-1753$c20171028$lBLL01$h1603
=SRC  \\$aBLWrongdoing
=LAS  \\$aW1606-1753$b00$c20171028$lBLL01$h1603

