=LDR  02131 am a2200505 a 4500
=001  016893123
=003  Uk
=005  20140417145928.0
=006  m\\\\||\\d\|\\\\\\
=007  cr\|||||||||||
=008  120608q17001850sp\a\\\\o\\\\\000\0\spa\\
=FMT  \\$a  BK
=040  \\$aUkCU$beng$cUkCU$dUk
=245  00$aNueva relacion en la cual se da cuenta y declara la desventurada y mala vida de una doncella del reyno de Sevilla :$by como por sus maldades permitió Dios que se transformase en mula, y que los demonios la llevasen á que la herrase un herrador : con todo lo demas que verá el curioso lector : primera parte.
=260  \\$a[S.l. :$bs.n.,$cbetween 1700 and 1850?]
=300  \\$a1 online resource
=336  \\$atext$2rdacontent
=337  \\$acomputer$2rdamedia
=338  \\$aonline resources$2rdacarrier
=500  \\$aText printed in two columns.
=500  \\$aIn verse.
=500  \\$aTwo separate illustrations at head of title.
=500  \\$aCaption title.
=500  \\$aIn two parts.
=599  \\$aItem no. T57 in volume 1072.g.27.$5Uk
=599  \\$aItem no. T62 in volume 12330.l.1.$5Uk
=533  \\$aElectronic Reproduction$bLondon$cBritish Library$d2012$nItem no. T57 in volume 1072.g.27.$nItem no. T62 in volume 12330.l.1.$5Uk
=600  00$aJesus Christ$xApparitions and miracles.
=600  00$aJesucristo$xApariciones y milagros.
=650  \0$aWomen$xReligious life.
=650  \0$aSin.
=650  \4$aMujeres$xVida religiosa.
=650  \4$aPecado.
=650  \4$aDemonio.
=650  \4$aMulos.
=655  \7$aChapbooks$zSpain.$2rbgenr
=662  \\$aSpain$dSeville$2lcsh-naf
=856  40$uhttp://cudl.lib.cam.ac.uk/view/PR-12330-L-00001-00062$yCambridge Digital Library$zItem no. T62 in 12330.l.1
=856  40$uhttp://cudl.lib.cam.ac.uk/view/PR-01072-G-00027-00057$yCambridge Digital Library$zItem no. T57 in 1072.g.27
=859  \\$aXLD$bCambridge Digital Library
=CAT  \\$aWR14_159$b00$c20141016$lBLL01$h1655
=CAT  \\$aWR14_181$c20150323$lBLL01$h1402
=CAT  \\$aW1606-1753$c20171028$lBLL01$h1603
=SRC  \\$aBLWrongdoing
=LAS  \\$aW1606-1753$b00$c20171028$lBLL01$h1603

