=LDR  02409 am a2200517 a 4500
=001  016893126
=003  Uk
=005  20140417151501.0
=006  m\\\\||\\d\|\\\\\\
=007  cr\|||||||||||
=008  120608q17461774sp\a\\\\o\\\\\000\0\spa\\
=FMT  \\$a  BK
=040  \\$aUkCU$beng$cUkCU$dUk
=245  00$aMaravilloso milagro que obró la magestad de Dios en la ciudad de Argél, por lo qual se convirtió un renegado que era casado con una mora y la mora se bolvió christiana y padecieron muy graves martyrios por la Santa Fé de Christo :$bcomo lo verá el curioso letor.
=260  \\$aSe hallará en Valencia :$bEn Casa Agustin Laborda, calle de la Bolseria, casa num. 58,$c[between 1746 and 1774]
=300  \\$a1 online resource
=336  \\$atext$2rdacontent
=337  \\$acomputer$2rdamedia
=338  \\$aonline resources$2rdacarrier
=500  \\$aText printed in two columns.
=500  \\$aIn verse.
=500  \\$aThree separate illustrations below title.
=500  \\$aCaption title.
=500  \\$aImprint from colophon.
=599  \\$aItem no. T60 in volume 1072.g.27.$5Uk
=599  \\$aItem no. T65 in volume 12330.l.1.$5Uk
=599  \\$aItem no. T66 in volume 12330.l.1.$5Uk
=533  \\$aElectronic Reproduction$bLondon$cBritish Library$d2012$nItem no. T60 in volume 1072.g.27.$nItem no. T65 in volume 12330.l.1.$nItem no. T66 in volume 12330.l.1.$5Uk
=650  \0$aMiracles.
=650  \0$aChristianity and other religions$xIslam.
=650  \0$aIslam$xRelations$xChristianity.
=650  \4$aMilagros.
=650  \4$aCristianismo y otras religiones$xIslamismo.
=650  \4$aIslamismo$xRelaciones$xCristianismo.
=655  \7$aChapbooks$zSpain.$2rbgenr
=662  \\$aAlgeria$dAlgiers$2lcsh-naf
=752  \\$aSpain$dValencia.
=856  40$uhttp://cudl.lib.cam.ac.uk/view/PR-12330-L-00001-00066$yCambridge Digital Library$zItem no. T66 in 12330.l.1
=856  40$uhttp://cudl.lib.cam.ac.uk/view/PR-12330-L-00001-00065$yCambridge Digital Library$zItem no. T65 in 12330.l.1
=856  40$uhttp://cudl.lib.cam.ac.uk/view/PR-01072-G-00027-00060$yCambridge Digital Library$zItem no. T60 in 1072.g.27
=859  \\$aXLD$bCambridge Digital Library
=CAT  \\$aWR14_159$b00$c20141016$lBLL01$h1655
=CAT  \\$aWR14_181$c20150323$lBLL01$h1402
=CAT  \\$aW1606-1753$c20171028$lBLL01$h1603
=SRC  \\$aBLWrongdoing
=LAS  \\$aW1606-1753$b00$c20171028$lBLL01$h1603

