=LDR  02106 am a2200469 a 4500
=001  016893127
=003  Uk
=005  20140417145639.0
=006  m\\\\||\\d\|\\\\\\
=007  cr\|||||||||||
=008  120608s1814\\\\sp\a\\\\o\\\\\000\0\spa\\
=FMT  \\$a  BK
=040  \\$aUkCU$beng$cUkCU$dUk
=245  03$aLa vestidura del alma :$bPiadosa y contemplativa relacion en que se expresan las galas y aderezos con que se ha de vestir y adornar el alma para poder llegar á merecer el desposarse con su amante Jesucristo redentor nuestro /$cdispuesta por los Padres Misioneros Mercenarios.
=246  3\$aPiadosa y contemplativa relacion en que se expresan las galas y aderezos con que se ha de vestir y adornar el alma
=260  \\$aMadrid :$bImprenta de Lopez Garcia y Hermano,$cAño de 1814.
=300  \\$a1 online resource
=336  \\$atext$2rdacontent
=337  \\$acomputer$2rdamedia
=338  \\$aonline resources$2rdacarrier
=500  \\$aText printed in two columns.
=500  \\$aIn verse.
=500  \\$aTwo separate illustrations at head of title.
=500  \\$aCaption title.
=500  \\$aImprint from colophon.
=599  \\$aItem no. T61 in volume 1072.g.27.$5Uk
=599  \\$aItem no. T61 in volume 12330.l.1.$5Uk
=533  \\$aElectronic Reproduction$bLondon$cBritish Library$d2012$nItem no. T61 in volume 1072.g.27.$nItem no. T61 in volume 12330.l.1.$5Uk
=650  \0$aChristian literature, Spanish.
=650  \0$aSoul.
=650  \4$aLiteratura religiosa española.
=650  \4$aAlma.
=655  \7$aChapbooks$zSpain.$2rbgenr
=752  \\$aSpain$dMadrid.
=856  40$uhttp://cudl.lib.cam.ac.uk/view/PR-12330-L-00001-00061$yCambridge Digital Library$zItem no. T61 in 12330.l.1
=856  40$uhttp://cudl.lib.cam.ac.uk/view/PR-01072-G-00027-00061$yCambridge Digital Library$zItem no. T61 in 1072.g.27
=859  \\$aXLD$bCambridge Digital Library
=CAT  \\$aWR14_159$b00$c20141016$lBLL01$h1655
=CAT  \\$aWR14_181$c20150323$lBLL01$h1402
=CAT  \\$aW1606-1753$c20171028$lBLL01$h1603
=SRC  \\$aBLWrongdoing
=LAS  \\$aW1606-1753$b00$c20171028$lBLL01$h1603

