=LDR  01948 am a2200433 a 4500
=001  016893128
=003  Uk
=005  20140422111040.0
=006  m\\\\||\\d\|\\\\\\
=007  cr\|||||||||||
=008  120608q17001850sp\a\\\\o\\\\\000\0\spa\\
=FMT  \\$a  BK
=040  \\$aUkCU$beng$cUkCU$dUk
=245  03$aLa pasion de Cristo redentor y salvador nuestro.
=246  37$aMeditacion de la Pasion de Cristo nuestro redentor
=260  \\$a[S.l. :$bs.n.,$cbetween 1700 and 1850?]
=300  \\$a1 online resource
=336  \\$atext$2rdacontent
=337  \\$acomputer$2rdamedia
=338  \\$aonline resources$2rdacarrier
=500  \\$aText printed in two columns.
=500  \\$aIn verse.
=500  \\$aIllustrated t.p.
=500  \\$a"Esto se añadió en la pasion ahora nuevamente por el bachiller Burgos y habla de la Resurreccion de nuestro salvador y redentor Jesucristo"--P. 31-32.
=599  \\$aItem no. T62 in volume 1072.g.27.$5Uk
=599  \\$aItem no. T94 in volume 12330.l.1.$5Uk
=533  \\$aElectronic Reproduction$bLondon$cBritish Library$d2012$nItem no. T62 in volume 1072.g.27.$nItem no. T94 in volume 12330.l.1.$5Uk
=650  \0$aChristian literature, Spanish.
=650  \4$aLiteratura religiosa española.
=655  \7$aChapbooks$zSpain.$2rbgenr
=740  02$aEsto se añadió en la pasion ahora nuevamente por el bachiller Burgos y habla de la Resurreccion de nuestro salvador y redentor Jesucristo.
=856  40$uhttp://cudl.lib.cam.ac.uk/view/PR-12330-L-00001-00094$yCambridge Digital Library$zItem no. T94 in 12330.l.1
=856  40$uhttp://cudl.lib.cam.ac.uk/view/PR-01072-G-00027-00062$yCambridge Digital Library$zItem no. T62 in 1072.g.27
=859  \\$aXLD$bCambridge Digital Library
=CAT  \\$aWR14_159$b00$c20141016$lBLL01$h1655
=CAT  \\$aWR14_181$c20150323$lBLL01$h1402
=CAT  \\$aW1606-1753$c20171028$lBLL01$h1603
=SRC  \\$aBLWrongdoing
=LAS  \\$aW1606-1753$b00$c20171028$lBLL01$h1603

