=LDR  01959 am a2200409 a 4500
=001  016893131
=003  Uk
=005  20140422101254.0
=006  m\\\\||\\d\|\\\\\\
=007  cr\|||||||||||
=008  120611q17001850sp\a\\\\o\\\\\000\0\spa\\
=FMT  \\$a  BK
=040  \\$aUkCU$beng$cUkCU$dUk
=245  00$aDevoto romance, en que se refiere el santisimo desposorio que celebró Christo Redentor y Señor nuestro con la preciosisima cruz, para la redencion del linage humano :$by el doloroso llanto con que su Santisima Madre solemnizó tan altas bodas ; con las dadivas, y ricos presentes, que ofrecieron á los divinos desposados los apostoles, y evangelistas sagrados, y los demas santos que vinieron al convite.
=260  \\$a[S.l. :$bs.n.,$cbetween 1700 and 1850?]
=300  \\$a1 online resource
=336  \\$atext$2rdacontent
=337  \\$acomputer$2rdamedia
=338  \\$aonline resources$2rdacarrier
=500  \\$aText printed in two columns.
=500  \\$aIn verse.
=500  \\$aIllustration at head of title.
=500  \\$aCaption title.
=599  \\$aItem no. T65 in volume 1072.g.27.$5Uk
=599  \\$aItem no. T81 in volume 12330.l.1.$5Uk
=533  \\$aElectronic Reproduction$bLondon$cBritish Library$d2012$nItem no. T65 in volume 1072.g.27.$nItem no. T81 in volume 12330.l.1.$5Uk
=650  \0$aChristian literature, Spanish.
=650  \4$aLiteratura religiosa española.
=655  \7$aChapbooks$zSpain.$2rbgenr
=856  40$uhttp://cudl.lib.cam.ac.uk/view/PR-12330-L-00001-00081$yCambridge Digital Library$zItem no. T81 in 12330.l.1
=856  40$uhttp://cudl.lib.cam.ac.uk/view/PR-01072-G-00027-00065$yCambridge Digital Library$zItem no. T65 in 1072.g.27
=859  \\$aXLD$bCambridge Digital Library
=CAT  \\$aWR14_159$b00$c20141016$lBLL01$h1655
=CAT  \\$aWR14_181$c20150323$lBLL01$h1402
=CAT  \\$aW1606-1753$c20171028$lBLL01$h1603
=SRC  \\$aBLWrongdoing
=LAS  \\$aW1606-1753$b00$c20171028$lBLL01$h1603

