=LDR  01778 am a2200445 a 4500
=001  016893132
=003  Uk
=005  20140417154040.0
=006  m\\\\||\\d\|\\\\\\
=007  cr\|||||||||||
=008  120611q17001850sp\a\\\\o\\\\\000\0\spa\\
=FMT  \\$a  BK
=040  \\$aUkCU$beng$cUkCU$dUk
=245  00$aTestamento que ha hecho Luzbel repartiendo sus bienes á todos sus acreedores y aquellos que bien le sirven para que acudan á por la herencia al palacio de (Pluton).
=260  \\$a[S.l. :$bs.n.,$cbetween 1700 and 1850?]
=300  \\$a1 online resource
=336  \\$atext$2rdacontent
=337  \\$acomputer$2rdamedia
=338  \\$aonline resources$2rdacarrier
=500  \\$aText printed in two columns.
=500  \\$aIn verse.
=500  \\$aTwo separate illustrations at head of title.
=500  \\$aCaption title.
=599  \\$aItem no. T66 in volume 1072.g.27.$5Uk
=599  \\$aItem no. T70 in volume 12330.l.1.$5Uk
=533  \\$aElectronic Reproduction$bLondon$cBritish Library$d2012$nItem no. T66 in volume 1072.g.27.$nItem no. T70 in volume 12330.l.1.$5Uk
=650  \0$aGood and evil.
=650  \0$aPride and vanity.
=650  \4$aBien y mal.
=650  \4$aSoberbia.
=650  \4$aDemonio.
=655  \7$aChapbooks$zSpain.$2rbgenr
=856  40$uhttp://cudl.lib.cam.ac.uk/view/PR-12330-L-00001-00070$yCambridge Digital Library$zItem no. T70 in 12330.l.1
=856  40$uhttp://cudl.lib.cam.ac.uk/view/PR-01072-G-00027-00066$yCambridge Digital Library$zItem no. T66 in 1072.g.27
=859  \\$aXLD$bCambridge Digital Library
=CAT  \\$aWR14_159$b00$c20141016$lBLL01$h1655
=CAT  \\$aWR14_181$c20150323$lBLL01$h1402
=CAT  \\$aW1606-1753$c20171028$lBLL01$h1603
=SRC  \\$aBLWrongdoing
=LAS  \\$aW1606-1753$b00$c20171028$lBLL01$h1603

