=LDR  02256 am a2200409 a 4500
=001  016893134
=003  Uk
=005  20140417153105.0
=006  m\\\\||\\d\|\\\\\\
=007  cr\|||||||||||
=008  120611q17001850sp\a\\\\o\\\\\000\0\spa\\
=FMT  \\$a  BK
=040  \\$aUkCU$beng$cUkCU$dUk
=245  00$aPrimera parte :$bNos los señores aficionados, consumidores, amigos, arrendadores y provisores del zumo valiente de Noé, juntamente con el recaudador y los demas contribuyentes en las Rentas de las Lobaynas...
=246  3\$aNos los señores aficionados, consumidores, amigos, arrendadores y provisores del zumo valiente de Noé, juntamente con el recaudador y los demas contribuyentes en las Rentas de las Lobaynas
=260  \\$a[S.l. :$bs.n.,$cbetween 1700 and 1850?]
=300  \\$a1 online resource
=336  \\$atext$2rdacontent
=337  \\$acomputer$2rdamedia
=338  \\$aonline resources$2rdacarrier
=500  \\$aIn two parts. Part two has title: Nos las madamas caderillas de primera y segunda clase, del gremio y claustro de la Universidad de Lobayna...
=599  \\$aItem no. T70 in volume 1072.g.27.$5Uk
=599  \\$aItem no. T67 in volume 12330.l.1.$5Uk
=599  \\$a12330.l.1: Library copy has pages [3-4] bound before pages [1-2] of the pliego.$5Uk
=533  \\$aElectronic Reproduction$bLondon$cBritish Library$d2012$nItem no. T70 in volume 1072.g.27.$nItem no. T67 in volume 12330.l.1.$n12330.l.1: Library copy has pages [3-4] bound before pages [1-2] of the pliego.$5Uk
=650  \0$aSatire, Spanish
=650  \4$aSátira española.
=655  \7$aChapbooks$zSpain.$2rbgenr
=740  02$aNos las madamas caderillas de primera y segunda clase, del gremio y claustro de la Universidad de Lobayna.
=856  40$uhttp://cudl.lib.cam.ac.uk/view/PR-12330-L-00001-00067$yCambridge Digital Library$zItem no. T67 in 12330.l.1
=856  40$uhttp://cudl.lib.cam.ac.uk/view/PR-01072-G-00027-00070$yCambridge Digital Library$zItem no. T70 in 1072.g.27
=859  \\$aXLD$bCambridge Digital Library
=CAT  \\$aWR14_159$b00$c20141016$lBLL01$h1655
=CAT  \\$aWR14_181$c20150323$lBLL01$h1402
=CAT  \\$aW1606-1753$c20171028$lBLL01$h1603
=SRC  \\$aBLWrongdoing
=LAS  \\$aW1606-1753$b00$c20171028$lBLL01$h1603

