=LDR  02007 am a2200469 a 4500
=001  016893135
=003  Uk
=005  20140417154659.0
=006  m\\\\||\\d\|\\\\\\
=007  cr\|||||||||||
=008  120611s1820\\\\sp\a\\\\o\\\\\000\0\spa\\
=FMT  \\$a  BK
=040  \\$aUkCU$beng$cUkCU$dUk
=245  00$aVillancicos al nacimiento del hijo de Dios con la pastorela de las Ballecanas :$bprimera parte.
=260  \\$aMadrid :$bImprenta de Alejo Lopez Garcia, calle de los Abades,$c1820.
=300  \\$a1 online resource
=336  \\$atext$2rdacontent
=337  \\$acomputer$2rdamedia
=338  \\$aonline resources$2rdacarrier
=500  \\$aText printed in two columns.
=500  \\$aIn verse.
=500  \\$aIllustration at head of title; third part with additional illustration at head of title.
=500  \\$aCaption title.
=500  \\$aImprint from colophon.
=500  \\$aIn three parts. Part two has title: "Villancicos al nacimiento del hijo de Dios. Segunda parte, Adoración de los Santos Reyes.
=599  \\$aItem no. T71 in volume 1072.g.27.$5Uk
=599  \\$aItem no. T72 in volume 12330.l.1.$5Uk
=533  \\$aElectronic Reproduction$bLondon$cBritish Library$d2012$nItem no. T71 in volume 1072.g.27.$nItem no. T72 in volume 12330.l.1.$5Uk
=650  \0$aCarols.
=650  \4$aVillancicos.
=655  \7$aChapbooks$zSpain.$2rbgenr
=700  1\$aLópez García, Alejo,$eprinter.$5Uk
=740  02$aAdoración de los Santos Reyes.
=752  \\$aSpain$dMadrid.
=856  40$uhttp://cudl.lib.cam.ac.uk/view/PR-12330-L-00001-00072$yCambridge Digital Library$zItem no. T72 in 12330.l.1
=856  40$uhttp://cudl.lib.cam.ac.uk/view/PR-01072-G-00027-00071$yCambridge Digital Library$zItem no. T71 in 1072.g.27
=859  \\$aXLD$bCambridge Digital Library
=CAT  \\$aWR14_159$b00$c20141016$lBLL01$h1655
=CAT  \\$aWR14_181$c20150323$lBLL01$h1402
=CAT  \\$aW1606-1753$c20171028$lBLL01$h1603
=SRC  \\$aBLWrongdoing
=LAS  \\$aW1606-1753$b00$c20171028$lBLL01$h1603

