=LDR  01778 am a2200433 a 4500
=001  016893138
=003  Uk
=005  20140411124559.0
=006  m\\\\||\\d\|\\\\\\
=007  cr\|||||||||||
=008  120611s1813\\\\sp\a\\\\o\\\\\000\0\spa\\
=FMT  \\$a  BK
=040  \\$aUkCU$beng$cUkCU$dUk
=245  00$aHistoria de Flores y Blanca Flor :$bsu descendencia, amores y peligros que pasaron, por ser Flores moro, y Blanca Flor cristiana.
=260  \\$aCon licencia en Madrid :$bEn la Oficina de Isidra Ocaña,$cAño de 1813.
=300  \\$a1 online resource
=336  \\$atext$2rdacontent
=337  \\$acomputer$2rdamedia
=338  \\$aonline resources$2rdacarrier
=500  \\$aIllustration on t.p.
=500  \\$aIn prose.
=599  \\$aItem no. T75 in volume 1072.g.27.$5Uk
=599  \\$aItem no. T1 in volume 12330.l.1.$5Uk
=533  \\$aElectronic Reproduction$bLondon$cBritish Library$d2012$nItem no. T75 in volume 1072.g.27.$nItem no. T1 in volume 12330.l.1.$5Uk
=650  \0$aChristianity and other religions$xIslam.
=650  \0$aIslam$xRelations$xChristianity.
=650  \0$aLove.
=650  \4$aCristianismo y otras religiones$xIslamismo.
=650  \4$aIslamismo$xRelaciones$xCristianismo.
=650  \4$aAmor.
=752  \\$aSpain$dMadrid.
=856  40$uhttp://cudl.lib.cam.ac.uk/view/PR-12330-L-00001-00001$yCambridge Digital Library$zItem no. T1 in 12330.l.1
=856  40$uhttp://cudl.lib.cam.ac.uk/view/PR-01072-G-00027-00075$yCambridge Digital Library$zItem no. T75 in 1072.g.27
=859  \\$aXLD$bCambridge Digital Library
=CAT  \\$aWR14_159$b00$c20141016$lBLL01$h1655
=CAT  \\$aWR14_181$c20150323$lBLL01$h1402
=CAT  \\$aW1606-1753$c20171028$lBLL01$h1603
=SRC  \\$aBLWrongdoing
=LAS  \\$aW1606-1753$b00$c20171028$lBLL01$h1603

