=LDR  01917 am a2200469 a 4500
=001  016893139
=003  Uk
=005  20140411154308.0
=006  m\\\\||\\d\|\\\\\\
=007  cr\|||||||||||
=008  120612q17861795sp\a\\\\o\\\\\000\0\spa\\
=FMT  \\$a  BK
=040  \\$aUkCU$beng$cUkCU$dUk
=245  00$aHistoria de la vida del bienaventurado San Amaro :$bcon el martirio de Santa Lucia.
=246  17$aHistoria de San Amaro
=260  \\$aCon licencia en Madrid :$bEn la Oficina de don Pedro Lopez, calle de la Espada,$c[between 1786 and 1795?]
=300  \\$a1 online resource
=336  \\$atext$2rdacontent
=337  \\$acomputer$2rdamedia
=338  \\$aonline resources$2rdacarrier
=500  \\$aIn prose.
=500  \\$aIllustration on t.p..
=500  \\$aCaption title.
=500  \\$a"Vida y martirio de la gloriosa virgen Santa Lucia": p. 29-32.
=599  \\$aItem no. T76 in volume 1072.g.27.$5Uk
=599  \\$aItem no. T4 in volume 12330.l.1.$5Uk
=533  \\$aElectronic Reproduction$bLondon$cBritish Library$d2012$nItem no. T76 in volume 1072.g.27.$nItem no. T4 in volume 12330.l.1.$5Uk
=600  00$aAmaro,$cSaint.
=600  04$aAmaro,$cSanto.
=650  \0$aChristian literature, Spanish.
=650  \4$aLiteratura religiosa española.
=655  \7$aChapbooks$zSpain.$2rbgenr
=740  02$aVida y martirio de la gloriosa virgen Santa Lucia.
=752  \\$aSpain$dMadrid.
=856  40$uhttp://cudl.lib.cam.ac.uk/view/PR-12330-L-00001-00004$yCambridge Digital Library$zItem no. T4 in 12330.l.1
=856  40$uhttp://cudl.lib.cam.ac.uk/view/PR-01072-G-00027-00076$yCambridge Digital Library$zItem no. T76 in 1072.g.27
=859  \\$aXLD$bCambridge Digital Library
=CAT  \\$aWR14_159$b00$c20141016$lBLL01$h1655
=CAT  \\$aWR14_181$c20150323$lBLL01$h1402
=CAT  \\$aW1606-1753$c20171028$lBLL01$h1603
=SRC  \\$aBLWrongdoing
=LAS  \\$aW1606-1753$b00$c20171028$lBLL01$h1603

