=LDR  01787 am a2200445 a 4500
=001  016893140
=003  Uk
=005  20140411153759.0
=006  m\\\\||\\d\|\\\\\\
=007  cr\|||||||||||
=008  120612q18041823sp\a\\\\o\\\\\000\0\spa\\
=FMT  \\$a  BK
=040  \\$aUkCU$beng$cUkCU$dUk
=245  00$aEspantosa y maravillosa vida de Roberto el Diablo, hijo del Duque de Normandia, el cual despues fuè llamado hombre de Dios.
=260  \\$aMadrid :$bImprenta de la Viuda de Lopez,$c[between 1804 and 1823?]
=300  \\$a1 online resource
=336  \\$atext$2rdacontent
=337  \\$acomputer$2rdamedia
=338  \\$aonline resources$2rdacarrier
=500  \\$aText printed in two columns.
=500  \\$aIn prose.
=500  \\$aIllustration on t.p.
=500  \\$aWoodcut ornament (device?) on p. 32.
=599  \\$aItem no. T77 in volume 1072.g.27.$5Uk
=599  \\$aItem no. T3 in volume 12330.l.1.$5Uk
=533  \\$aElectronic Reproduction$bLondon$cBritish Library$d2012$nItem no. T77 in volume 1072.g.27.$nItem no. T3 in volume 12330.l.1.$5Uk
=650  \0$aDevil.
=650  \0$aChristian literature, Spanish.
=650  \4$aDiablo.
=650  \4$aLiteratura religiosa española.
=655  \7$aChapbooks$zSpain.$2rbgenr
=752  \\$aSpain$dMadrid.
=856  40$uhttp://cudl.lib.cam.ac.uk/view/PR-12330-L-00001-00003$yCambridge Digital Library$zItem no. T3 in 12330.l.1
=856  40$uhttp://cudl.lib.cam.ac.uk/view/PR-01072-G-00027-00077$yCambridge Digital Library$zItem no. T77 in 1072.g.27
=859  \\$aXLD$bCambridge Digital Library
=CAT  \\$aWR14_159$b00$c20141016$lBLL01$h1655
=CAT  \\$aWR14_181$c20150323$lBLL01$h1402
=CAT  \\$aW1606-1753$c20171028$lBLL01$h1603
=SRC  \\$aBLWrongdoing
=LAS  \\$aW1606-1753$b00$c20171028$lBLL01$h1603

