=LDR  01890 am a2200433 a 4500
=001  016893141
=003  Uk
=005  20140411140440.0
=006  m\\\\||\\d\|\\\\\\
=007  cr\|||||||||||
=008  120612q17991830sp\a\\\\o\\\\\000\0\spa\\
=FMT  \\$a  BK
=040  \\$aUkCU$beng$cUkCU$dUk
=100  10$aSantisteban, Gómez de.
=245  10$aHistoria del infante Don Pedro de Portugal el qual anduvo las siete partidas del mundo /$ccompuesta por Gomez de Santisteban, uno de los doce que anduvimos en su compañía.
=260  \\$aCon licencia en Madrid :$bEn la imprenta de Isidra Ocaña, calle de Juanelo ...,$c[between 1799 and 1830?]
=300  \\$a1 online resource
=336  \\$atext$2rdacontent
=337  \\$acomputer$2rdamedia
=338  \\$aonline resources$2rdacarrier
=500  \\$aText printed in two columns.
=500  \\$aIn prose.
=500  \\$aIllustration on t.p.
=599  \\$aItem no. T78 in volume 1072.g.27.$5Uk
=599  \\$aItem no. T2 in volume 12330.l.1.$5Uk
=533  \\$aElectronic Reproduction$bLondon$cBritish Library$d2012$nItem no. T78 in volume 1072.g.27.$nItem no. T2 in volume 12330.l.1.$5Uk
=600  00$aPedro,$cInfante of Portugal,$d1392-1449.
=653  1\$aPedro, Infante de Portugal, m 1392-1449.
=655  \7$aChapbooks$zSpain.$2rbgenr
=752  \\$aSpain$dMadrid.
=856  40$uhttp://cudl.lib.cam.ac.uk/view/PR-12330-L-00001-00002$yCambridge Digital Library$zItem no. T2 in 12330.l.1
=856  40$uhttp://cudl.lib.cam.ac.uk/view/PR-01072-G-00027-00078$yCambridge Digital Library$zItem no. T78 in 1072.g.27
=859  \\$aXLD$bCambridge Digital Library
=CAT  \\$aWR14_159$b00$c20141016$lBLL01$h1655
=CAT  \\$aBATCH-UPD$b00$c20141016$lBLL01$h1656
=CAT  \\$aWR14_181$c20150323$lBLL01$h1402
=CAT  \\$aW1606-1753$c20171028$lBLL01$h1603
=SRC  \\$aBLWrongdoing
=LAS  \\$aW1606-1753$b00$c20171028$lBLL01$h1603

