=LDR  01673 am a2200397 a 4500
=001  016893142
=003  Uk
=005  20180126102258.0
=006  m\\\\||\\d\|\\\\\\
=007  cr\|||||||||||
=008  120612q17001850sp\a\\\\o\\\\\000\0\spa\\
=FMT  \\$a  BK
=040  \\$aUkCU$beng$cUkCU$dUk
=245  00$aJesus, Maria y Josef :$bEcce Crucem Domini, fugite partes adversae vicit leo de tribu Juda radix David alleluya alleluya : I.N.R.I. : nomina bendita contra maeficios [sic] y explicacion de estas letras.
=246  30$aEcce Crucem Domini, fugite partes adversae vicit leo de tribu Juda radix David alleluya alleluya
=260  \\$a[S.l. :$bs.n.,$cbetween 1700 and 1850?]
=300  \\$a1 online resource
=336  \\$atext$2rdacontent
=337  \\$acomputer$2rdamedia
=338  \\$aonline resources$2rdacarrier
=500  \\$aIllustration of a cross on p. [1].
=500  \\$aCaption title.
=599  \\$aItem no. T79 in volume 1072.g.27.$5Uk
=533  \\$aElectronic Reproduction$bLondon$cBritish Library$d2012$nItem no. T79 in volume 1072.g.27.$5Uk
=650  \0$aChristian literature, Spanish.
=650  \4$aLiteratura religiosa española.
=655  \7$aChapbooks$zSpain.$2rbgenr
=856  40$uhttp://cudl.lib.cam.ac.uk/view/PR-01072-G-00027-00079$yCambridge Digital Library$zItem no. T79 in 1072.g.27
=859  \\$aXLD$bCambridge Digital Library
=CAT  \\$aWR14_159$b00$c20141016$lBLL01$h1655
=CAT  \\$aWR14_181$c20150323$lBLL01$h1402
=CAT  \\$aW1606-1753$c20171028$lBLL01$h1603
=CAT  \\$a8874$b40$c20180126$lBLL01$h1015
=CAT  \\$a8874$b40$c20180126$lBLL01$h1022
=SRC  \\$aBLWrongdoing
=LAS  \\$a8874$b40$c20180126$lBLL01$h1022

