=LDR  01670 am a2200373 a 4500
=001  016893144
=003  Uk
=005  20140422100727.0
=006  m\\\\||\\d\|\\\\\\
=007  cr\|||||||||||
=008  120612q17001850sp\a\\\\o\\\\\000\0\spa\\
=FMT  \\$a  BK
=040  \\$aUkCU$beng$cUkCU$dUk
=245  00$aNos el Doctor Don Pedro Rodriguez de Montanchez, catedrático de Prima de Medicina en la Universidad de Besamelanca y protomédico de estos reinos :$bá todos los que las presentes vieren, lamparones, diviesos, ladillas y sarna que rascar, &c ...
=260  \\$a[S.l. :$bs.n.,$cbetween 1700 and 1850?]
=300  \\$a1 online resource
=336  \\$atext$2rdacontent
=337  \\$acomputer$2rdamedia
=338  \\$aonline resources$2rdacarrier
=500  \\$aIllustration at foot of p. [1].
=599  \\$aItem no. T81 in volume 1072.g.27.$5Uk
=599  \\$aItem no. T80 in volume 12330.l.1.$5Uk
=533  \\$aElectronic Reproduction$bLondon$cBritish Library$d2012$nItem no. T81 in volume 1072.g.27.$nItem no. T80 in volume 12330.l.1.$5Uk
=650  \0$aSatire, Spanish.
=650  \4$aSátira española.
=655  \7$aChapbooks$zSpain.$2rbgenr
=856  40$uhttp://cudl.lib.cam.ac.uk/view/PR-12330-L-00001-00080$yCambridge Digital Library$zItem no. T80 in 12330.l.1
=856  40$uhttp://cudl.lib.cam.ac.uk/view/PR-01072-G-00027-00081$yCambridge Digital Library$zItem no. T81 in 1072.g.27
=859  \\$aXLD$bCambridge Digital Library
=CAT  \\$aWR14_159$b00$c20141016$lBLL01$h1655
=CAT  \\$aWR14_181$c20150323$lBLL01$h1402
=CAT  \\$aW1606-1753$c20171028$lBLL01$h1603
=SRC  \\$aBLWrongdoing
=LAS  \\$aW1606-1753$b00$c20171028$lBLL01$h1603

