=LDR  03199 am a2200577 a 4500
=001  016893160
=003  Uk
=005  20130812105829.0
=006  m\\\\||\\d\|\\\\\\
=007  cr\|||||||||||
=008  120615q18051858sp\a\\\\o\\\\\000\0\spa\\
=FMT  \\$a  BK
=040  \\$aUkCU$beng$cUkCU$dUk
=245  03$aEl hechizo de Sevilla :$bCuriosa relacion en que se refiere como fue robada de Sevilla una muy noble señora, cuya fama de hermosura se habia extendido por varias provincias, declárase como por dar gusto á su dama, la hizo cautiva un capitan de las galeotas de Argel : y el raro ardid que usó para conseguir esta empresa : primera parte.
=246  30$aCuriosa relacion en que se refiere como fue robada de Sevilla una muy noble señora
=260  \\$aEn Valencia :$bPor la viuda de Agustin Laborda, vive en la Bolsería,$c[between 1805 and 1858]
=300  \\$a1 online resource
=336  \\$atext$2rdacontent
=337  \\$acomputer$2rdamedia
=338  \\$aonline resources$2rdacarrier
=500  \\$aText printed in two columns.
=500  \\$aIn verse.
=500  \\$aThree separate illustrations at head of title; second part with three additional illustrations at head of title.
=500  \\$aCaption title.
=500  \\$aImprint from colophon.
=500  \\$aIn two parts. Part two has title: "El hechizo de Sevilla : segunda parte en la que se refiere la cautelosa traza que tuvo el general de las galeras de España para introducirse dentro de Argél, donde habiendo logrado ver á la noble cautiva de Sevilla, fingió querer presentarla al gran sultán y estando en alta mar, se enseñorearon de los moros, trayéndoles á España prisioneros : por cuya hazaña el rey le hizo almirante de Castilla, y se casó con dicha señora."
=599  \\$aItem no. T15 in volume 1074.g.27.$5Uk
=599  \\$aItem no. T15.2 in volume 1074.g.27.$5Uk
=533  \\$aElectronic Reproduction$bLondon$cBritish Library$d2012$nItem no. T15 in volume 1074.g.27.$nItem no. T15.2 in volume 1074.g.27.$5Uk
=650  \0$aAbduction.
=650  \0$aChristianity and other religions$xIslam.
=650  \0$aIslam$xRelations$xChristianity.
=650  \4$aRapto.
=650  \4$aCristianismo y otras religiones$xIslamismo.
=650  \4$aIslamismo$xRelaciones$xCristianismo.
=650  \4$aCautivos.
=650  \4$aBodas.
=655  \7$aChapbooks$zSpain.$2rbgenr
=662  \\$aSpain$dSeville$2lcsh-naf
=662  \\$aAlgeria$dAlgiers$2lcsh-naf
=700  0\$aViuda de Agustín Laborda,$eprinter.$5Uk
=740  02$aSegunda parte en la que se refiere la cautelosa traza que tuvo el general de las galeras de España.
=752  \\$aSpain$dValencia.
=856  40$uhttp://cudl.lib.cam.ac.uk/view/PR-01074-G-00027-00015-00002$yCambridge Digital Library$zItem no. T15.2 in 1074.g.27
=856  40$uhttp://cudl.lib.cam.ac.uk/view/PR-01074-G-00027-00015$yCambridge Digital Library$zItem no. T15 in 1074.g.27
=859  \\$aXLD$bCambridge Digital Library
=CAT  \\$aWR14_159$b00$c20141016$lBLL01$h1655
=CAT  \\$aWR14_181$c20150323$lBLL01$h1402
=CAT  \\$aW1606-1753$c20171028$lBLL01$h1603
=SRC  \\$aBLWrongdoing
=LAS  \\$aW1606-1753$b00$c20171028$lBLL01$h1603

