=LDR  03365 am a2200865 a 4500
=001  016893168
=003  Uk
=005  20131206172343.0
=006  m\\\\||\\d\|\\\\\\
=007  cr\|||||||||||
=008  120615q18051858sp\a\\\\o\\\\\000\0\spa\\
=FMT  \\$a  BK
=040  \\$aUkCU$beng$cUkCU$dUk
=245  00$aNuevo romance en que se declara las grandes crueldades, insultos, muertes y robos que hizo Andres Vazquez y sus hermanos.
=260  \\$aValencia :$bPor la viuda de Agustin Perales,$c[between 1805 and 1858]
=300  \\$a1 online resource
=336  \\$atext$2rdacontent
=337  \\$acomputer$2rdamedia
=338  \\$aonline resources$2rdacarrier
=500  \\$aText printed in two columns.
=500  \\$aIn verse.
=500  \\$aTwo separate illustrations at head of title.
=500  \\$aCaption title.
=500  \\$aImprint from colophon.
=599  \\$aItem no. T23 in volume 1074.g.27.$5Uk
=599  \\$aItem no. T11 in volume 11450.h.5.$5Uk
=533  \\$aElectronic Reproduction$bLondon$cBritish Library$d2012$nItem no. T23 in volume 1074.g.27.$nItem no. T11 in volume 11450.h.5.$5Uk
=650  \4$aAndres Vazquez (Fictitious character)
=650  \0$aBrigands and robbers$zSpain$zCiudad Real.
=650  \0$aViolent crimes.
=650  \4$aBandoleros$zEspaña$zCiudad Real.
=650  \4$aDelitos violentos.
=653  1\$aAndres Vazquez (Personaje ficticio)
=662  \\$aSpain$gSierra Morena$2lcsh-naf
=662  \\$aSpain$dCazalla de la Sierra$2lcsh-naf
=662  \\$aSpain$dCórdoba$2lcsh-naf
=662  \\$aSpain$dGranada$2lcsh-naf
=662  \\$aSpain$dCartagena$2lcsh-naf
=662  \\$aSpain$dAlmería$2lcsh-naf
=662  \\$aSpain$dMurcia$2lcsh-naf
=662  \\$aSpain$dValencia$2lcsh-naf
=662  \\$aSpain$dAlicante$2lcsh-naf
=662  \\$aSpain$dOrihuela$2lcsh-naf
=662  \\$aSpain$dCuenca$2lcsh-naf
=662  \\$aSpain$dAtienza$2lcsh-naf
=662  \\$aSpain$dSigüenza$2lcsh-naf
=662  \\$aSpain$dAlmazán$2lcsh-naf
=662  \\$aSpain$dSoria$2lcsh-naf
=662  \\$aSpain$dAragon$2lcsh-naf
=662  \\$aSpain$dTortosa$2lcsh-naf
=662  \\$aSpain$dZaragoza$2lcsh-naf
=662  \\$aSpain$dTarazona de Aragón$2lcsh-naf
=662  \\$aSpain$dPamplona$2lcsh-naf
=662  \\$aSpain$dLa Rioja$2lcsh-naf
=662  \\$aSpain$dVizcaya$2lcsh-naf
=662  \\$aSpain$dVillanueva de los infantes$2lcsh-naf
=662  \\$aSpain$dBilbao$2lcsh-naf
=662  \\$aSpain$dAsturias$2lcsh-naf
=662  \\$aSpain$dGijón$2lcsh-naf
=662  \\$aSpain$dLeón$2lcsh-naf
=662  \\$aSpain$dBañeza Region$2lcsh-naf
=662  \\$aSpain$dGuadarrama Mountains$2lcsh-naf
=662  \\$aSpain$dMadrid$2lcsh-naf
=662  \\$aSpain$dToledo$2lcsh-naf
=662  \\$aSpain$dInfantes$2lcsh-naf
=655  \7$aChapbooks$zSpain.$2rbgenr
=752  \\$aSpain$dValencia.
=856  40$uhttp://cudl.lib.cam.ac.uk/view/PR-11450-H-00005-00011$yCambridge Digital Library$zItem no. T11 in 11450.h.5
=856  40$uhttp://cudl.lib.cam.ac.uk/view/PR-01074-G-00027-00023$yCambridge Digital Library$zItem no. T23 in 1074.g.27
=859  \\$aXLD$bCambridge Digital Library
=CAT  \\$aWR14_159$b00$c20141016$lBLL01$h1655
=CAT  \\$aWR14_181$c20150323$lBLL01$h1402
=CAT  \\$aW1606-1753$c20171028$lBLL01$h1604
=SRC  \\$aBLWrongdoing
=LAS  \\$aW1606-1753$b00$c20171028$lBLL01$h1604

