=LDR  02689 am a2200529 a 4500
=001  016893235
=003  Uk
=005  20140530124112.0
=006  m\\\\||\\d\|\\\\\\
=007  cr\|||||||||||
=008  120706s1840\\\\sp\a\\\\o\\\\\000\0\spa\\
=FMT  \\$a  BK
=040  \\$aUkCU$beng$cUkCU$dUk
=245  04$aLos hermanos Mogicas :$bNueva relacion y curioso romance donde se da cuenta y declara las atrocidades, arrojos y valentías de estos cuatro hermanos bandoleros, habitantes en la sierra de Clevillente, reino de Valencia : con lo demas que verá el curioso lector : primera parte.
=246  3\$aNueva relacion y curioso romance donde se da cuenta y declara las atrocidades, arrojos y valentías de estos cuatro hermanos bandoleros
=260  \\$aValencia :$bImprenta de D. Ildefonso Mompié, calle nueva de San Fernando, num. 19, junto al mercado,$cAño 1840.
=300  \\$a1 online resource
=336  \\$atext$2rdacontent
=337  \\$acomputer$2rdamedia
=338  \\$aonline resources$2rdacarrier
=500  \\$aText printed in two columns.
=500  \\$aIn verse.
=500  \\$aIllustration at head of title; second part with additional illustration at head of title.
=500  \\$aCaption title.
=500  \\$aImprint from colophon.
=500  \\$a"2."
=500  \\$aIn two parts. Part two has title: "Segunda parte en la cual siguen los hechos y atrocidades y el desgraciado fin que tuvieron estos cuatro hermanos Mogicas."
=599  \\$aItem no. T90a in volume 1074.g.27.$5Uk
=599  \\$aItem no. T90b in volume 1074.g.27.$5Uk
=533  \\$aElectronic Reproduction$bLondon$cBritish Library$d2012$nItem no. T90a in volume 1074.g.27.$nItem no. T90b in volume 1074.g.27.$5Uk
=650  \0$aBrigands and robbers$zSpain$zToledo.
=650  \0$aViolent crimes.
=650  \4$aBandoleros$zEspaña$zToledo.
=650  \4$aDelitos violentos.
=655  \7$aChapbooks$zSpain.$2rbgenr
=662  \\$aSpain$dOrihuela$2lcsh-naf
=662  \\$aSpain$dCrevillente$2lcsh-naf
=740  02$aSegunda parte en la cual siguen los hechos y atrocidades y el desgraciado fin que tuvieron estos cuatro hermanos Mogicas .
=752  \\$aSpain$dValencia.
=856  40$uhttp://cudl.lib.cam.ac.uk/view/PR-01074-G-00027-00090-B$yCambridge Digital Library$zItem no. T90b in 1074.g.27
=856  40$uhttp://cudl.lib.cam.ac.uk/view/PR-01074-G-00027-00090-A$yCambridge Digital Library$zItem no. T90a in 1074.g.27
=859  \\$aXLD$bCambridge Digital Library
=CAT  \\$aWR14_159$b00$c20141016$lBLL01$h1655
=CAT  \\$aWR14_181$c20150323$lBLL01$h1402
=CAT  \\$aW1606-1753$c20171028$lBLL01$h1604
=SRC  \\$aBLWrongdoing
=LAS  \\$aW1606-1753$b00$c20171028$lBLL01$h1604

