=LDR  02423 am a2200505 a 4500
=001  016893247
=003  Uk
=005  20140314165213.0
=006  m\\\\||\\d\|\\\\\\
=007  cr\|||||||||||
=008  120710s1857\\\\sp\a\\\\o\\\\\000\0\cat\\
=FMT  \\$a  BK
=040  \\$aUkCU$beng$cUkCU$dUk
=245  00$aRahonament y coloqui nou de Nelo El tripero :$ben el que es referix els grans casos que li pasaren chic molt habil pera el estudio de la uña : natural de Valensia, fill del carrer de Cañete, en lo demés que vorá el curiós lector : primera part.
=246  3\$aDe Nelo El tripero
=260  \\$aValencia :$bImprenta y librería de Juan Mariana, calle de la Lonja, núm. 7,$c1857.
=300  \\$a1 online resource
=336  \\$atext$2rdacontent
=337  \\$acomputer$2rdamedia
=338  \\$aonline resources$2rdacarrier
=500  \\$aText printed in two columns.
=500  \\$aIn verse.
=500  \\$aIllustration at head of title.
=500  \\$aCaption title.
=500  \\$aItem on 1074.g.26 is printed on coloured paper.
=500  \\$aImprint from colophon.
=500  \\$a"(Núm. 22.)"
=500  \\$aIn two parts. Part two has title: "Segona part del rahonament y coloqui nou de Nelo El tripero en la que acaba de relatar quines foren totes les escóles de la sehua carrera."
=599  \\$aItem no. T102 in volume 1074.g.27.$5Uk
=599  \\$aItem no. T106 in volume 1074.g.26.$5Uk
=533  \\$aElectronic Reproduction$bLondon$cBritish Library$d2012$nItem no. T102 in volume 1074.g.27.$nItem no. T106 in volume 1074.g.26.$5Uk
=650  \0$aSatire, Spanish.
=650  \4$aSátira española.
=655  \7$aChapbooks$zSpain.$2rbgenr
=662  \\$aSpain$dValencia$2lcsh-naf
=740  02$aSegona part del rahonament y coloqui nou de Nelo El tripero en la que acaba de relatar quines foren totes les escóles de la sehua carrera.
=752  \\$aSpain$dValencia.
=856  40$uhttp://cudl.lib.cam.ac.uk/view/PR-01074-G-00026-00106$yCambridge Digital Library$zItem no. T106 in 1074.g.26
=856  40$uhttp://cudl.lib.cam.ac.uk/view/PR-01074-G-00027-00102$yCambridge Digital Library$zItem no. T102 in 1074.g.27
=859  \\$aXLD$bCambridge Digital Library
=CAT  \\$aWR14_159$b00$c20141016$lBLL01$h1655
=CAT  \\$aWR14_181$c20150323$lBLL01$h1402
=CAT  \\$aW1606-1753$c20171028$lBLL01$h1604
=SRC  \\$aBLWrongdoing
=LAS  \\$aW1606-1753$b00$c20171028$lBLL01$h1604

