=LDR  02271 am a2200493 a 4500
=001  016893278
=003  Uk
=005  20130830111408.0
=006  m\\\\||\\d\|\\\\\\
=007  cr\|||||||||||
=008  120718q17751859sp\a\\\\o\\\\\000\0\spa\\
=FMT  \\$a  BK
=040  \\$aUkCU$beng$cUkCU$dUk
=245  00$aRomance nuevo é historia tragica y verdadera de doña Angela de Valladares y Carrascosa :$bque mató á su propia hermana llamada doña Ysabel porque (la primera) se habia enamorada [sic] de su cuñado, despues que anteriormente habia ya asesinado a otra muger, con cuyo marido tenia ilicito trato : ella misma despues se delató para salvar á su cuñado, sentenciado injustamente á mruerte [sic] : con todo lo demas que se verá.
=260  \\$a[S.l. :$bs.n.,$cbetween 1775 and 1859]
=300  \\$a1 online resource
=336  \\$atext$2rdacontent
=337  \\$acomputer$2rdamedia
=338  \\$aonline resources$2rdacarrier
=500  \\$aText printed in two columns.
=500  \\$aIn verse.
=500  \\$aIllustration at head of title.
=500  \\$aCaption title.
=599  \\$aItem no. T21 in volume 1074.g.23.$5Uk
=599  \\$aItem no. T14 in volume 12330.l.10.$5Uk
=533  \\$aElectronic Reproduction$bLondon$cBritish Library$d2012$nItem no. T21 in volume 1074.g.23.$nItem no. T14 in volume 12330.l.10.$5Uk
=650  \4$aAngela de Valladares y Carrascosa (Fictitious character)
=650  \0$aWomen murderers.
=650  \0$aAdultery.
=650  \4$aCrimes of passion.
=650  \4$aAsesinas.
=650  \4$aAdulterio.
=650  \4$aCrímenes de pasión.
=653  \1$aAngela de Valladares y Carrascosa (Personaje ficticio)
=655  \7$aChapbooks$zSpain.$2rbgenr
=662  \\$aSpain$dMálaga$2lcsh-naf
=856  40$uhttp://cudl.lib.cam.ac.uk/view/PR-12330-L-00010-00014$yCambridge Digital Library$zItem no. T14 in 12330.l.10
=856  40$uhttp://cudl.lib.cam.ac.uk/view/PR-01074-G-00023-00021$yCambridge Digital Library$zItem no. T21 in 1074.g.23
=859  \\$aXLD$bCambridge Digital Library
=CAT  \\$aWR14_159$b00$c20141016$lBLL01$h1655
=CAT  \\$aWR14_181$c20150323$lBLL01$h1402
=CAT  \\$aW1606-1753$c20171028$lBLL01$h1604
=SRC  \\$aBLWrongdoing
=LAS  \\$aW1606-1753$b00$c20171028$lBLL01$h1604

