=LDR  01729 am a2200421 a 4500
=001  016893289
=003  Uk
=005  20140530131028.0
=006  m\\\\||\\d\|\\\\\\
=007  cr\|||||||||||
=008  120719q17751859sp\a\\\\o\\\\\000\0\cat\\
=FMT  \\$a  BK
=040  \\$aUkCU$beng$cUkCU$dUk
=245  00$aDiscursos de un vagamundo sobre la elecció de estat :$bToca las penalitáts del estat eclesiastich, pondera los inconvenients del matrimoni y resol quedarse Vagamundo.
=246  30$aVagamundo
=260  \\$a[S.l. :$bs.n.,$cbetween 1775 and 1859]
=300  \\$a1 online resource
=336  \\$atext$2rdacontent
=337  \\$acomputer$2rdamedia
=338  \\$aonline resources$2rdacarrier
=500  \\$aText printed in two columns.
=500  \\$aIn verse.
=500  \\$aIllustration incorporated within title.
=500  \\$aCaption title.
=599  \\$aItem no. T32 in volume 1074.g.23.$5Uk
=599  \\$aItem no. T105 in volume 1074.g.23.$5Uk
=533  \\$aElectronic Reproduction$bLondon$cBritish Library$d2012$nItem no. T32 in volume 1074.g.23.$nItem no. T105 in volume 1074.g.23.$5Uk
=650  \0$aSatire, Spanish.
=650  \4$aSátira española.
=655  \7$aChapbooks$zSpain.$2rbgenr
=856  40$uhttp://cudl.lib.cam.ac.uk/view/PR-01074-G-00023-00105$yCambridge Digital Library$zItem no. T105 in 1074.g.23
=856  40$uhttp://cudl.lib.cam.ac.uk/view/PR-01074-G-00023-00032$yCambridge Digital Library$zItem no. T32 in 1074.g.23
=859  \\$aXLD$bCambridge Digital Library
=CAT  \\$aWR14_159$b00$c20141016$lBLL01$h1655
=CAT  \\$aWR14_181$c20150323$lBLL01$h1402
=CAT  \\$aW1606-1753$c20171028$lBLL01$h1604
=SRC  \\$aBLWrongdoing
=LAS  \\$aW1606-1753$b00$c20171028$lBLL01$h1604

