=LDR  01851 am a2200457 a 4500
=001  016893345
=003  Uk
=005  20140314164429.0
=006  m\\\\||\\d\|\\\\\\
=007  cr\|||||||||||
=008  120814q17751859sp\a\\\\o\\\\\000\0\cat\\
=FMT  \\$a  BK
=040  \\$aUkCU$beng$cUkCU$dUk
=245  00$aGustós colloqui entre un enamorat lacayo y una hermosa cuynera :$ben que, despues de alguns requiebros, refereix ella sos treballs, y las raresas de una mestressa : Del lacayo y cuynera.
=246  30$aDel lacayo y cuynera
=260  \\$a[S.l. :$bs.n.,$cbetween 1775 and 1859]
=300  \\$a1 online resource
=336  \\$atext$2rdacontent
=337  \\$acomputer$2rdamedia
=338  \\$aonline resources$2rdacarrier
=500  \\$aText printed in two columns.
=500  \\$aIn verse.
=500  \\$aTwo separate illustrations at head of title.
=500  \\$aCaption title.
=500  \\$a"L. Núm. 1."
=599  \\$aItem no. T88 in volume 1074.g.23.$5Uk
=599  \\$aItem no. T124 in volume 12330_l_22_v5.$5Uk
=533  \\$aElectronic Reproduction$bLondon$cBritish Library$d2012$nItem no. T88 in volume 1074.g.23.$nItem no. T124 in volume 12330_l_22_v5.$5Uk
=650  \0$aCourtship.
=650  \4$aCortejo amoroso.
=653  \0$aCocineras.
=653  \0$aLacayos.
=655  \7$aChapbooks$zSpain.$2rbgenr
=856  40$uhttp://cudl.lib.cam.ac.uk/view/PR-12330-L-00022-V5-00124$yCambridge Digital Library$zItem no. T124 in 12330_l_22_v5
=856  40$uhttp://cudl.lib.cam.ac.uk/view/PR-01074-G-00023-00088$yCambridge Digital Library$zItem no. T88 in 1074.g.23
=859  \\$aXLD$bCambridge Digital Library
=CAT  \\$aWR14_159$b00$c20141016$lBLL01$h1655
=CAT  \\$aWR14_181$c20150323$lBLL01$h1402
=CAT  \\$aW1606-1753$c20171028$lBLL01$h1604
=SRC  \\$aBLWrongdoing
=LAS  \\$aW1606-1753$b00$c20171028$lBLL01$h1604

