=LDR  01787 am a2200469 a 4500
=001  016893348
=003  Uk
=005  20131210160634.0
=006  m\\\\||\\d\|\\\\\\
=007  cr\|||||||||||
=008  120814q17751859sp\a\\\\o\\\\\000\0\spa\\
=FMT  \\$a  BK
=040  \\$aUkCU$beng$cUkCU$dUk
=100  1\$aLobo, Eugenio Gerardo,$d1679-1750.
=245  10$aSoliloquio :$bQuejas de amor y silencio /$ccompuesto por Don Eugenio Gerardo Lobo.
=246  3\$aQuejas de amor y silencio
=260  \\$a[S.l. :$bs.n.,$cbetween 1775 and 1859]
=300  \\$a1 online resource
=336  \\$atext$2rdacontent
=337  \\$acomputer$2rdamedia
=338  \\$aonline resources$2rdacarrier
=500  \\$aText printed in two columns.
=500  \\$aIn verse.
=500  \\$aIllustration at head of title.
=500  \\$aCaption title.
=500  \\$a"Q. Núm. 1."
=599  \\$aItem no. T91 in volume 1074.g.23.$5Uk
=599  \\$aItem no. T25 in volume 11450.h.5.$5Uk
=533  \\$aElectronic Reproduction$bLondon$cBritish Library$d2012$nItem no. T91 in volume 1074.g.23.$nItem no. T25 in volume 11450.h.5.$5Uk
=650  \0$aSongs, Spanish$xTexts.
=650  \0$aLove.
=650  \4$aAmor.
=653  \0$aCanciones españolas--Textos.
=655  \7$aChapbooks$zSpain.$2rbgenr
=856  40$uhttp://cudl.lib.cam.ac.uk/view/PR-11450-H-00005-00025$yCambridge Digital Library$zItem no. T25 in 11450.h.5
=856  40$uhttp://cudl.lib.cam.ac.uk/view/PR-01074-G-00023-00091$yCambridge Digital Library$zItem no. T91 in 1074.g.23
=859  \\$aXLD$bCambridge Digital Library
=CAT  \\$aWR14_159$b00$c20141016$lBLL01$h1655
=CAT  \\$aWR14_181$c20150323$lBLL01$h1402
=CAT  \\$aW1606-1753$c20171028$lBLL01$h1604
=SRC  \\$aBLWrongdoing
=LAS  \\$aW1606-1753$b00$c20171028$lBLL01$h1604

