=LDR  02095 am a2200565 a 4500
=001  016893350
=003  Uk
=005  20131212160539.0
=006  m\\\\||\\d\|\\\\\\
=007  cr\|||||||||||
=008  120814q17751859sp\a\\\\o\\\\\000\0\spa\\
=FMT  \\$a  BK
=040  \\$aUkCU$beng$cUkCU$dUk
=245  00$aPrimera parte de los romances de la peregrina doctora.
=260  \\$a[S.l. :$bs.n.,$cbetween 1775 and 1859]
=300  \\$a1 online resource
=336  \\$atext$2rdacontent
=337  \\$acomputer$2rdamedia
=338  \\$aonline resources$2rdacarrier
=500  \\$aText printed in two columns.
=500  \\$aIn verse.
=500  \\$aIllustration at head of title.
=500  \\$aCaption title.
=500  \\$a"Núm. 10."
=500  \\$aIn two parts.
=599  \\$aItem no. T93 in volume 1074.g.23.$5Uk
=599  \\$aItem no. T69 in volume 11450.h.5.$5Uk
=533  \\$aElectronic Reproduction$bLondon$cBritish Library$d2012$nItem no. T93 in volume 1074.g.23.$nItem no. T69 in volume 11450.h.5.$5Uk
=600  00$aMary,$cBlessed Virgin, Saint$xApparitions and miracles.
=600  04$aVirgen María$xApariciones y milagros.
=650  \4$aInés Portocarrero (Fictitious character)
=650  \0$aWomen$xCrimes against.
=650  \0$aRevenge.
=650  \0$aAtrocities.
=650  \4$aMujeres$xDelitos contra las.
=650  \4$aVenganza.
=650  \4$aAtrocidades.
=650  \4$aCuranderos.
=650  \4$aLeones.
=653  \1$aInés Portocarrero (Personaje ficticio)
=655  \7$aChapbooks$zSpain.$2rbgenr
=662  \\$aPortugal$dLisbon$2lcsh-naf
=856  40$uhttp://cudl.lib.cam.ac.uk/view/PR-11450-H-00005-00069$yCambridge Digital Library$zItem no. T69 in 11450.h.5
=856  40$uhttp://cudl.lib.cam.ac.uk/view/PR-01074-G-00023-00093$yCambridge Digital Library$zItem no. T93 in 1074.g.23
=859  \\$aXLD$bCambridge Digital Library
=CAT  \\$aWR14_159$b00$c20141016$lBLL01$h1655
=CAT  \\$aWR14_181$c20150323$lBLL01$h1402
=CAT  \\$aW1606-1753$c20171028$lBLL01$h1604
=SRC  \\$aBLWrongdoing
=LAS  \\$aW1606-1753$b00$c20171028$lBLL01$h1604

