=LDR  02595 am a2200601 a 4500
=001  016893351
=003  Uk
=005  20131220123947.0
=006  m\\\\||\\d\|\\\\\\
=007  cr\|||||||||||
=008  120814q1790\\\\sp\a\\\\o\\\\\000\0\spa\\
=FMT  \\$a  BK
=040  \\$aUkCU$beng$cUkCU$dUk
=245  10$aNuevo y curioso romance en donde da cuenta y declara el caso que le aconteci[ó] á Don Antonio Barceló saliendo con su armad[a] del puerto de Cartagena, llevando en su compañía a Don Vicente Ferrer y Don Diego de Frias :$by el milagro que obró la Vírgen de Guaytoca : con todo lo demas que verá el curioso lector.
=260  \\$a[S.l. :$bs.n.,$c1790?]
=300  \\$a1 online resource
=336  \\$atext$2rdacontent
=337  \\$acomputer$2rdamedia
=338  \\$aonline resources$2rdacarrier
=500  \\$aText printed in two columns.
=500  \\$aIn verse.
=500  \\$aThree separate illustrations at head of title.
=500  \\$aCaption title.
=500  \\$a"Núm. 10."
=500  \\$aIn two parts.
=500  \\$aDate of publication inferred from text on p. [1].
=599  \\$aItem no. T94 in volume 1074.g.23.$5Uk
=599  \\$aItem no. T82 in volume 11450.h.5.$5Uk
=533  \\$aElectronic Reproduction$bLondon$cBritish Library$d2012$nItem no. T94 in volume 1074.g.23.$nItem no. T82 in volume 11450.h.5.$5Uk
=600  10$aBarceló, Antoni,$d1716-1797.
=650  \0$aChristianity and other religions$xIslam.
=650  \0$aIslam$xRelations$xChristianity.
=650  \0$aMiracles.
=650  \4$aCristianismo y otras religiones$xIslamismo.
=650  \4$aIslamismo$xRelaciones$xCristianismo.
=650  \4$aMilagros.
=650  \4$aDiego de Frias (Fictitious character)
=650  \4$aVicente Ferrer (Fictitious character)
=650  \4$aSoldados.
=653  \1$aDiego de Frias (Personaje ficticio)
=653  \1$aVicente Ferrer (Personaje ficticio)
=655  \7$aChapbooks$zSpain.$2rbgenr
=662  \\$aSpain$dCartagena$2lcsh-naf
=662  \\$aAlgeria$dAlgiers$2lcsh-naf
=662  \\$aArgentina$dBuenos Aires$2lcsh-naf
=856  40$uhttp://cudl.lib.cam.ac.uk/view/PR-11450-H-00005-00082$yCambridge Digital Library$zItem no. T82 in 11450.h.5
=856  40$uhttp://cudl.lib.cam.ac.uk/view/PR-01074-G-00023-00094$yCambridge Digital Library$zItem no. T94 in 1074.g.23
=859  \\$aXLD$bCambridge Digital Library
=CAT  \\$aWR14_159$b00$c20141016$lBLL01$h1655
=CAT  \\$aWR14_181$c20150323$lBLL01$h1402
=CAT  \\$aW1606-1753$c20171028$lBLL01$h1604
=SRC  \\$aBLWrongdoing
=LAS  \\$aW1606-1753$b00$c20171028$lBLL01$h1604

