=LDR  02059 am a2200493 a 4500
=001  016893355
=003  Uk
=005  20140314131759.0
=006  m\\\\||\\d\|\\\\\\
=007  cr\|||||||||||
=008  120814q17751859sp\a\\\\o\\\\\000\0\spa\\
=FMT  \\$a  BK
=040  \\$aUkCU$beng$cUkCU$dUk
=245  00$aNuevo y curioso romance en que se declaran las atrocidades que cometió un pulgon en la ciudad de Constantinopla y sus inmediaciones :$bcon lo demas que se espresa.
=260  \\$a[S.l. :$bs.n.,$cbetween 1775 and 1859]
=300  \\$a1 online resource
=336  \\$atext$2rdacontent
=337  \\$acomputer$2rdamedia
=338  \\$aonline resources$2rdacarrier
=500  \\$aText printed in two columns.
=500  \\$aIn verse.
=500  \\$aIllustration at head of title.
=500  \\$aCaption title.
=500  \\$a"Núm. 20."
=599  \\$aItem no. T98 in volume 1074.g.23.$5Uk
=599  \\$aItem no. T9 in volume 11451.ee.39.$5Uk
=599  \\$aItem no. T112 in volume 12330_l_22_v5.$5Uk
=533  \\$aElectronic Reproduction$bLondon$cBritish Library$d2012$nItem no. T98 in volume 1074.g.23.$nItem no. T9 in volume 11451.ee.39.$nItem no. T112 in volume 12330_l_22_v5.$5Uk
=650  \0$aAtrocities.
=650  \0$aMonsters.
=650  \4$aAtrocidades.
=650  \4$aMonstruos.
=650  \4$aPulgones.
=655  \7$aChapbooks$zSpain.$2rbgenr
=662  \\$aTurkey$dIstanbul$2lcsh-naf
=856  40$uhttp://cudl.lib.cam.ac.uk/view/PR-12330-L-00022-V5-00112$yCambridge Digital Library$zItem no. T112 in 12330_l_22_v5
=856  40$uhttp://cudl.lib.cam.ac.uk/view/PR-11451-EE-00039-00009$yCambridge Digital Library$zItem no. T9 in 11451.ee.39
=856  40$uhttp://cudl.lib.cam.ac.uk/view/PR-01074-G-00023-00098$yCambridge Digital Library$zItem no. T98 in 1074.g.23
=859  \\$aXLD$bCambridge Digital Library
=CAT  \\$aWR14_159$b00$c20141016$lBLL01$h1655
=CAT  \\$aWR14_181$c20150323$lBLL01$h1402
=CAT  \\$aW1606-1753$c20171028$lBLL01$h1604
=SRC  \\$aBLWrongdoing
=LAS  \\$aW1606-1753$b00$c20171028$lBLL01$h1604

