=LDR  02115 am a2200457 a 4500
=001  016893357
=003  Uk
=005  20140306171348.0
=006  m\\\\||\\d\|\\\\\\
=007  cr\|||||||||||
=008  120816q17751859sp\a\\\\o\\\\\000\0\spa\\
=FMT  \\$a  BK
=040  \\$aUkCU$beng$cUkCU$dUk
=245  03$aEl santisimo Cristo de Orense.
=260  \\$a[S.l. :$bs.n.,$cbetween 1775 and 1859]
=300  \\$a1 online resource
=336  \\$atext$2rdacontent
=337  \\$acomputer$2rdamedia
=338  \\$aonline resources$2rdacarrier
=500  \\$aIn verse.
=500  \\$aIllustration at head of title.
=500  \\$aCaption title.
=500  \\$a"Núm. 80."
=500  \\$a"Por diferentes Señores Obispos tiene concedidos 1200 dias de indulgencia á todos los fieles que con devocion rezen un Credo á este divino Señor."
=599  \\$aThe pliego, consisting of 2 pages, appears in duplicate.$5Uk
=599  \\$aItem no. T100 in volume 1074.g.23.$5Uk
=599  \\$aItem no. T59 in volume 12330_l_22_v5.$5Uk
=599  \\$aItem no. T78 in volume 12330_l_22_v5.$5Uk
=533  \\$aElectronic Reproduction$bLondon$cBritish Library$d2012$nThe pliego, consisting of 2 pages, appears in duplicate.$nItem no. T100 in volume 1074.g.23.$nItem no. T59 in volume 12330_l_22_v5.$nItem no. T78 in volume 12330_l_22_v5.$5Uk
=650  \0$aDevotional literature, Spanish.
=650  \4$aLiteratura española devocional.
=655  \7$aChapbooks$zSpain.$2rbgenr
=856  40$uhttp://cudl.lib.cam.ac.uk/view/PR-12330-L-00022-V5-00078$yCambridge Digital Library$zItem no. T78 in 12330_l_22_v5
=856  40$uhttp://cudl.lib.cam.ac.uk/view/PR-12330-L-00022-V5-00059$yCambridge Digital Library$zItem no. T59 in 12330_l_22_v5
=856  40$uhttp://cudl.lib.cam.ac.uk/view/PR-01074-G-00023-00100$yCambridge Digital Library$zItem no. T100 in 1074.g.23
=859  \\$aXLD$bCambridge Digital Library
=CAT  \\$aWR14_159$b00$c20141016$lBLL01$h1655
=CAT  \\$aWR14_181$c20150323$lBLL01$h1402
=CAT  \\$aW1606-1753$c20171028$lBLL01$h1604
=SRC  \\$aBLWrongdoing
=LAS  \\$aW1606-1753$b00$c20171028$lBLL01$h1604

