=LDR  02184 am a2200493 a 4500
=001  016893465
=003  Uk
=005  20131213161824.0
=006  m\\\\||\\d\|\\\\\\
=007  cr\|||||||||||
=008  120831q18011850sp\a\\\\o\\\\\000\0\spa\\
=FMT  \\$a  BK
=040  \\$aUkCU$beng$cUkCU$dUk
=245  00$aAdmirable y gustosa historia del principe Filiberto de Esparta y la princesa de Dinamarca :$bprimera parte.
=260  \\$aCon licencia en Córdoba :$bEn la imprenta de Don Rafael Garcia Rodriguez, calle de la Librería,$c[between 1801 and 1850?]
=300  \\$a1 online resource
=336  \\$atext$2rdacontent
=337  \\$acomputer$2rdamedia
=338  \\$aonline resources$2rdacarrier
=500  \\$aThree separate illustrations at head of title; second part with additional illustration at head of title.
=500  \\$aIn verse.
=500  \\$aCaption title.
=500  \\$aImprint from colophon.
=500  \\$a"Núm. 69."
=500  \\$aIn two parts. Part two has title: "Admirable y gustosa historia del principe Filiberto de Esparta y de la princesa de Dinamarca."
=599  \\$aItem no. T22 in volume 1074.g.28.v2.$5Uk
=599  \\$aItem no. T46 in volume 11450.h.5.$5Uk
=533  \\$aElectronic Reproduction$bLondon$cBritish Library$d2012$nItem no. T22 in volume 1074.g.28.v2.$nItem no. T46 in volume 11450.h.5.$5Uk
=650  \0$aLoyalty.
=650  \4$aLealtad.
=650  \4$aPrincesas.
=650  \4$aJardineros.
=655  \7$aChapbooks$zSpain.$2rbgenr
=662  \\$aDenmark$2lcsh-naf
=740  02$aAdmirable y gustosa historia del principe Filiberto de Esparta y de la princesa de Dinamarca.
=752  \\$aSpain$dCórdoba.
=856  40$uhttp://cudl.lib.cam.ac.uk/view/PR-11450-H-00005-00046$yCambridge Digital Library$zItem no. T46 in 11450.h.5
=856  40$uhttp://cudl.lib.cam.ac.uk/view/PR-01074-G-00028-V2-00022$yCambridge Digital Library$zItem no. T22 in 1074.g.28.v2
=859  \\$aXLD$bCambridge Digital Library
=CAT  \\$aWR14_159$b00$c20141016$lBLL01$h1655
=CAT  \\$aWR14_181$c20150323$lBLL01$h1403
=CAT  \\$aW1606-1753$c20171028$lBLL01$h1604
=SRC  \\$aBLWrongdoing
=LAS  \\$aW1606-1753$b00$c20171028$lBLL01$h1604

