=LDR  02399 am a2200517 a 4500
=001  016893469
=003  Uk
=005  20131213160932.0
=006  m\\\\||\\d\|\\\\\\
=007  cr\|||||||||||
=008  120831q18011850sp\a\\\\o\\\\\000\0\spa\\
=FMT  \\$a  BK
=040  \\$aUkCU$beng$cUkCU$dUk
=245  00$aDon Juan de la Tierra :$bRomance en que se da cuenta y declaran los hechos, arrestos y valentias de este heroe, natural de la villa de Illescas : dase cuenta de la reñida pendencia que tuvo en defensa de su rey : con todo lo demas que verá el curioso lector : primera parte.
=246  30$aRomance en que se da cuenta y declaran los hechos, arrestos y valentias de este heroe
=260  \\$aCon licencia en Córdoba :$bEn la imprenta de Don Rafael Garcia Rodriguez, calle de la Librería,$c[between 1801 and 1850?]
=300  \\$a1 online resource
=336  \\$atext$2rdacontent
=337  \\$acomputer$2rdamedia
=338  \\$aonline resources$2rdacarrier
=500  \\$aText printed in two columns.
=500  \\$aIn verse.
=500  \\$aTwo separate illustrations at head of title; second part with three additional illustrations at head of title.
=500  \\$aCaption title.
=500  \\$aImprint from colophon.
=500  \\$a"Núm. 78."
=500  \\$aIn two parts.
=599  \\$aItem no. T26 in volume 1074.g.28.v2.$5Uk
=599  \\$aItem no. T45 in volume 11451.ee.39.$5Uk
=533  \\$aElectronic Reproduction$bLondon$cBritish Library$d2012$nItem no. T26 in volume 1074.g.28.v2.$nItem no. T45 in volume 11451.ee.39.$5Uk
=650  \4$aJuan de la Tierra (Fictitious character)
=650  \4$aSoldados.
=650  \4$aComerciantes.
=653  \1$aJuan de la Tierra (Personaje ficticio)
=655  \7$aChapbooks$zSpain.$2rbgenr
=662  \\$aSpain$dIllescas$2lcsh-naf
=662  \\$aItaly$dNaples$2lcsh-naf
=752  \\$aSpain$dCórdoba.
=856  40$uhttp://cudl.lib.cam.ac.uk/view/PR-11451-EE-00039-00045$yCambridge Digital Library$zItem no. T45 in 11451.ee.39
=856  40$uhttp://cudl.lib.cam.ac.uk/view/PR-01074-G-00028-V2-00026$yCambridge Digital Library$zItem no. T26 in 1074.g.28.v2
=859  \\$aXLD$bCambridge Digital Library
=CAT  \\$aWR14_159$b00$c20141016$lBLL01$h1655
=CAT  \\$aWR14_181$c20150323$lBLL01$h1403
=CAT  \\$aW1606-1753$c20171028$lBLL01$h1604
=SRC  \\$aBLWrongdoing
=LAS  \\$aW1606-1753$b00$c20171028$lBLL01$h1604

