=LDR  02287 am a2200565 a 4500
=001  016893470
=003  Uk
=005  20140123144721.0
=006  m\\\\||\\d\|\\\\\\
=007  cr\|||||||||||
=008  120831q18011850sp\a\\\\o\\\\\000\0\spa\\
=FMT  \\$a  BK
=040  \\$aUkCU$beng$cUkCU$dUk
=245  00$aRosaura la de Truxillo :$bRomance en que se refiere un lastimoso caso que le sucedió á esta doncella.
=246  30$aRomance en que se refiere un lastimoso caso que le sucedió á esta doncella
=260  \\$aCon licencia en Córdoba :$bEn la imprenta de Don Rafael Garcia Rodriguez, calle de la Librería,$c[between 1801 and 1850?]
=300  \\$a1 online resource
=336  \\$atext$2rdacontent
=337  \\$acomputer$2rdamedia
=338  \\$aonline resources$2rdacarrier
=500  \\$aText printed in two columns.
=500  \\$aIn verse.
=500  \\$aIllustration at head of title.
=500  \\$aCaption title.
=500  \\$aImprint from colophon.
=500  \\$a"Núm. 81."
=599  \\$aItem no. T27 in volume 1074.g.28.v2.$5Uk
=599  \\$aItem no. T107 in volume 11450.h.5.$5Uk
=533  \\$aElectronic Reproduction$bLondon$cBritish Library$d2012$nItem no. T27 in volume 1074.g.28.v2.$nItem no. T107 in volume 11450.h.5.$5Uk
=650  \4$aRosaura (Fictitious character)
=650  \0$aWomen$xCrimes against.
=650  \0$aRape victims.
=650  \0$aRevenge.
=650  \4$aMujeres$xDelitos contra las.
=650  \4$aVíctimas de la violación.
=650  \4$aVenganza.
=653  \0$aAlevosía.
=653  \1$aRosaura (Personaje ficticio)
=655  \7$aChapbooks$zSpain.$2rbgenr
=662  \\$aSpain$dTrujillo (Cáceres)$2lcsh-naf
=662  \\$aSpain$gSierra Morena$2lcsh-naf
=752  \\$aSpain$dCórdoba.
=856  40$uhttp://cudl.lib.cam.ac.uk/view/PR-11450-H-00005-00107$yCambridge Digital Library$zItem no. T107 in 11450.h.5
=856  40$uhttp://cudl.lib.cam.ac.uk/view/PR-01074-G-00028-V2-00027$yCambridge Digital Library$zItem no. T27 in 1074.g.28.v2
=859  \\$aXLD$bCambridge Digital Library
=CAT  \\$aWR14_159$b00$c20141016$lBLL01$h1655
=CAT  \\$aWR14_181$c20150323$lBLL01$h1403
=CAT  \\$aW1606-1753$c20171028$lBLL01$h1604
=SRC  \\$aBLWrongdoing
=LAS  \\$aW1606-1753$b00$c20171028$lBLL01$h1604

