=LDR  01988 am a2200505 a 4500
=001  016893475
=003  Uk
=005  20140602093726.0
=006  m\\\\||\\d\|\\\\\\
=007  cr\|||||||||||
=008  120831q18011850sp\a\\\\o\\\\\000\0\spa\\
=FMT  \\$a  BK
=040  \\$aUkCU$beng$cUkCU$dUk
=100  1\$aNieto, Agustín.
=245  10$aRelacion burlesca :$bLas lagrimas /$ccompuesta por don Agustin Nieto.
=246  30$aLagrimas
=260  \\$aCon licencia en Córdoba :$bEn la imprenta de Don Rafael Garcia Rodriguez, calle de la Librería,$c[between 1801 and 1850?]
=300  \\$a1 online resource
=336  \\$atext$2rdacontent
=337  \\$acomputer$2rdamedia
=338  \\$aonline resources$2rdacarrier
=500  \\$aText printed in two columns.
=500  \\$aIn verse.
=500  \\$aTwo separate illustrations at head of title.
=500  \\$aCaption title.
=500  \\$aImprint from colophon.
=500  \\$a"Núm. 98."
=599  \\$aItem no. T32 in volume 1074.g.28.v2.$5Uk
=599  \\$aItem no. T42 in volume 11450.h.6.$5Uk
=533  \\$aElectronic Reproduction$bLondon$cBritish Library$d2012$nItem no. T32 in volume 1074.g.28.v2.$nItem no. T42 in volume 11450.h.6.$5Uk
=650  \0$aSatire, Spanish.
=650  \0$aFate and fatalism.
=650  \4$aSátira española.
=650  \4$aDestino y fatalismo.
=655  \7$aChapbooks$zSpain.$2rbgenr
=752  \\$aSpain$dCórdoba.
=856  40$uhttp://cudl.lib.cam.ac.uk/view/PR-11450-H-00006-00042$yCambridge Digital Library$zItem no. T42 in 11450.h.6
=856  40$uhttp://cudl.lib.cam.ac.uk/view/PR-01074-G-00028-V2-00032$yCambridge Digital Library$zItem no. T32 in 1074.g.28.v2
=859  \\$aXLD$bCambridge Digital Library
=CAT  \\$aWR14_159$b00$c20141016$lBLL01$h1655
=CAT  \\$aWR14_181$c20150323$lBLL01$h1403
=CAT  \\$aW1606-1753$c20171028$lBLL01$h1604
=CAT  \\$aBATCH-UPD$b00$c20190922$lBLL01$h2035
=SRC  \\$aBLWrongdoing
=LAS  \\$aBATCH-UPD$b00$c20190922$lBLL01$h2035

