=LDR  02564 am a2200589 a 4500
=001  016893489
=003  Uk
=005  20131213161757.0
=006  m\\\\||\\d\|\\\\\\
=007  cr\|||||||||||
=008  120904q18011850sp\a\\\\o\\\\\000\0\spa\\
=FMT  \\$a  BK
=040  \\$aUkCU$beng$cUkCU$dUk
=245  00$aArlaxa mora :$bprimera parte.
=260  \\$aCon licencia en Córdoba :$bEn la imprenta de Don Rafael Garcia Rodriguez, calle de la Librería,$c[between 1801 and 1850?]
=300  \\$a1 online resource
=336  \\$atext$2rdacontent
=337  \\$acomputer$2rdamedia
=338  \\$aonline resources$2rdacarrier
=500  \\$aText printed in two columns.
=500  \\$aIn verse.
=500  \\$aTwo separate illustrations at head of title; second part with additional illustration at head of title.
=500  \\$aCaption title.
=500  \\$aImprint from colophon.
=500  \\$a"Núm. 124."
=500  \\$aIn two parts. Part two has title: "Arlaxa: segunda parte"
=599  \\$aItem no. T45 in volume 1074.g.28.v2.$5Uk
=599  \\$aItem no. T46 in volume 1074.g.28.v2.$5Uk
=599  \\$aItem no. T50 in volume 11450.h.5.$5Uk
=533  \\$aElectronic Reproduction$bLondon$cBritish Library$d2012$nItem no. T45 in volume 1074.g.28.v2.$nItem no. T46 in volume 1074.g.28.v2.$nItem no. T50 in volume 11450.h.5.$5Uk
=650  \0$aChristianity and other religions$xIslam.
=650  \0$aIslam$xRelations$xChristianity.
=650  \0$aConversion$xChristianity.
=650  \4$aCristianismo y otras religiones$xIslamismo.
=650  \4$aIslamismo$xRelaciones$xCristianismo.
=650  \4$aConversión religiosa$xCristianismo.
=650  \4$aEsclavos.
=655  \7$aChapbooks$zSpain.$2rbgenr
=662  \\$aSpain$dLlanes$2lcsh-naf
=662  \\$aSpain$dCádiz$2lcsh-naf
=662  \\$aMorcocco$dTétouan$2lcsh-naf
=662  \\$aAlgeria$dAlgiers$2lcsh-naf
=752  \\$aSpain$dCórdoba.
=856  40$uhttp://cudl.lib.cam.ac.uk/view/PR-11450-H-00005-00050$yCambridge Digital Library$zItem no. T50 in 11450.h.5
=856  40$uhttp://cudl.lib.cam.ac.uk/view/PR-01074-G-00028-V2-00046$yCambridge Digital Library$zItem no. T46 in 1074.g.28.v2
=856  40$uhttp://cudl.lib.cam.ac.uk/view/PR-01074-G-00028-V2-00045$yCambridge Digital Library$zItem no. T45 in 1074.g.28.v2
=859  \\$aXLD$bCambridge Digital Library
=CAT  \\$aWR14_159$b00$c20141016$lBLL01$h1655
=CAT  \\$aWR14_181$c20150323$lBLL01$h1403
=CAT  \\$aW1606-1753$c20171028$lBLL01$h1604
=SRC  \\$aBLWrongdoing
=LAS  \\$aW1606-1753$b00$c20171028$lBLL01$h1604

