=LDR  02374 am a2200505 a 4500
=001  016893490
=003  Uk
=005  20140602094051.0
=006  m\\\\||\\d\|\\\\\\
=007  cr\|||||||||||
=008  120904q18011850sp\a\\\\o\\\\\000\0\spa\\
=FMT  \\$a  BK
=040  \\$aUkCU$beng$cUkCU$dUk
=245  03$aEl cristiano y el gentil :$bRomance historico que refiere la mas firme amistad que tuvieron un cristiano y un gentil y los sucesos que les acaecieron : primera parte.
=246  30$aRomance historico que refiere la mas firme amistad que tuvieron un cristiano y un gentil
=260  \\$aCon licencia en Córdoba :$bEn la imprenta de Don Rafael Garcia Rodriguez, calle de la Librería,$c[between 1801 and 1850?]
=300  \\$a1 online resource
=336  \\$atext$2rdacontent
=337  \\$acomputer$2rdamedia
=338  \\$aonline resources$2rdacarrier
=500  \\$aText printed in two columns.
=500  \\$aIn verse.
=500  \\$aThree separate illustrations at head of title; second part with three additional illustrations at head of title.
=500  \\$aCaption title.
=500  \\$aImprint from colophon.
=500  \\$a"Núm. 127."
=500  \\$aIn two parts. Part two has title: "Se da fin á la historia verdadera de la mas fina amistad del cristiano y el gentil: segunda parte."
=599  \\$aItem no. T47 in volume 1074.g.28.v2.$5Uk
=599  \\$aItem no. T20 in volume 11450.h.6.$5Uk
=533  \\$aElectronic Reproduction$bLondon$cBritish Library$d2012$nItem no. T47 in volume 1074.g.28.v2.$nItem no. T20 in volume 11450.h.6.$5Uk
=655  \7$aChapbooks$zSpain.$2rbgenr
=650  \0$aMerchants.
=650  \0$aChristians.
=650  \4$aComerciantes.
=650  \4$aCristianos.
=740  02$aSe da fin á la historia verdadera de la mas fina amistad del cristiano y el gentil.
=752  \\$aSpain$dCórdoba.
=856  40$uhttp://cudl.lib.cam.ac.uk/view/PR-11450-H-00006-00020$yCambridge Digital Library$zItem no. T20 in 11450.h.6
=856  40$uhttp://cudl.lib.cam.ac.uk/view/PR-01074-G-00028-V2-00047$yCambridge Digital Library$zItem no. T47 in 1074.g.28.v2
=859  \\$aXLD$bCambridge Digital Library
=CAT  \\$aWR14_159$b00$c20141016$lBLL01$h1655
=CAT  \\$aWR14_181$c20150323$lBLL01$h1403
=CAT  \\$aW1606-1753$c20171028$lBLL01$h1604
=SRC  \\$aBLWrongdoing
=LAS  \\$aW1606-1753$b00$c20171028$lBLL01$h1604

