=LDR  02239 am a2200541 a 4500
=001  016893493
=003  Uk
=005  20131213170458.0
=006  m\\\\||\\d\|\\\\\\
=007  cr\|||||||||||
=008  120904q18011850sp\a\\\\o\\\\\000\0\spa\\
=FMT  \\$a  BK
=040  \\$aUkCU$beng$cUkCU$dUk
=245  03$aEl rey Claudio, Teodomiro y la princesa de Inglaterra :$bprimera parte.
=260  \\$aCon licencia en Córdoba :$bEn la imprenta de Don Rafael Garcia Rodriguez, calle de la Librería,$c[between 1801 and 1850?]
=300  \\$a1 online resource
=336  \\$atext$2rdacontent
=337  \\$acomputer$2rdamedia
=338  \\$aonline resources$2rdacarrier
=500  \\$aText printed in two columns.
=500  \\$aIn verse.
=500  \\$aThree separate illustrations at head of title; second part with additional illustration at head of title.
=500  \\$aCaption title.
=500  \\$aImprint from colophon.
=500  \\$a"Núm. 132."
=500  \\$aIn two parts.
=599  \\$aItem no. T50 in volume 1074.g.28.v2.$5Uk
=599  \\$aItem no. T5 in volume 12330.l.10.$5Uk
=599  \\$aItem no. T55 in volume 11450.h.5.$5Uk
=533  \\$aElectronic Reproduction$bLondon$cBritish Library$d2012$nItem no. T50 in volume 1074.g.28.v2.$nItem no. T5 in volume 12330.l.10.$nItem no. T55 in volume 11450.h.5.$5Uk
=650  \0$aRevenge.
=650  \4$aVenganza.
=650  \4$aPrincesas.
=650  \4$aBodas.
=650  \4$aJabalíes.
=655  \7$aChapbooks$zSpain.$2rbgenr
=662  \\$aIreland$2lcsh-naf
=662  \\$aEngland$2lcsh-naf
=752  \\$aSpain$dCórdoba.
=856  40$uhttp://cudl.lib.cam.ac.uk/view/PR-11450-H-00005-00055$yCambridge Digital Library$zItem no. T55 in 11450.h.5
=856  40$uhttp://cudl.lib.cam.ac.uk/view/PR-12330-L-00010-00005$yCambridge Digital Library$zItem no. T5 in 12330.l.10
=856  40$uhttp://cudl.lib.cam.ac.uk/view/PR-01074-G-00028-V2-00050$yCambridge Digital Library$zItem no. T50 in 1074.g.28.v2
=859  \\$aXLD$bCambridge Digital Library
=CAT  \\$aWR14_159$b00$c20141016$lBLL01$h1655
=CAT  \\$aWR14_181$c20150323$lBLL01$h1403
=CAT  \\$aW1606-1753$c20171028$lBLL01$h1604
=SRC  \\$aBLWrongdoing
=LAS  \\$aW1606-1753$b00$c20171028$lBLL01$h1604

