=LDR  01991 am a2200481 a 4500
=001  016893498
=003  Uk
=005  20131213160916.0
=006  m\\\\||\\d\|\\\\\\
=007  cr\|||||||||||
=008  120905q18011850sp\a\\\\o\\\\\000\0\spa\\
=FMT  \\$a  BK
=040  \\$aUkCU$beng$cUkCU$dUk
=245  00$aDon Juan de Lara y Doña Laura.
=260  \\$aCon licencia en Córdoba :$bEn la imprenta de D. Rafael Garcia Rodriguez, calle de la Librería,$c[between 1801 and 1850?]
=300  \\$a1 online resource
=336  \\$atext$2rdacontent
=337  \\$acomputer$2rdamedia
=338  \\$aonline resources$2rdacarrier
=500  \\$aText printed in two columns.
=500  \\$aIn verse.
=500  \\$aThree separate illustrations at head of title.
=500  \\$aCaption title.
=500  \\$aImprint from colophon.
=500  \\$a"Núm. 140."
=599  \\$aItem no. T55 in volume 1074.g.28.v2.$5Uk
=599  \\$aItem no. T56 in volume 1074.g.28.v2.$5Uk
=533  \\$aElectronic Reproduction$bLondon$cBritish Library$d2012$nItem no. T55 in volume 1074.g.28.v2.$nItem no. T56 in volume 1074.g.28.v2.$5Uk
=600  00$aAnthony,$cof Padua, Saint,$d1195-1231$xMiracles.
=650  \4$aJuan de Lara (Fictitious character)
=653  \1$aSan Antonio de Padua, 1195-1231--Milagros.
=653  \1$aJuan de Lara (Personaje ficticio)
=655  \7$aChapbooks$zSpain.$2rbgenr
=752  \\$aSpain$dCórdoba.
=856  40$uhttp://cudl.lib.cam.ac.uk/view/PR-01074-G-00028-V2-00056$yCambridge Digital Library$zItem no. T56 in 1074.g.28.v2
=856  40$uhttp://cudl.lib.cam.ac.uk/view/PR-01074-G-00028-V2-00055$yCambridge Digital Library$zItem no. T55 in 1074.g.28.v2
=859  \\$aXLD$bCambridge Digital Library
=CAT  \\$aWR14_159$b00$c20141016$lBLL01$h1655
=CAT  \\$aBATCH-UPD$b00$c20141016$lBLL01$h1706
=CAT  \\$aWR14_181$c20150323$lBLL01$h1403
=CAT  \\$aW1606-1753$c20171028$lBLL01$h1604
=SRC  \\$aBLWrongdoing
=LAS  \\$aW1606-1753$b00$c20171028$lBLL01$h1604

