=LDR  02161 am a2200517 a 4500
=001  016893502
=003  Uk
=005  20140729143450.0
=006  m\\\\||\\d\|\\\\\\
=007  cr\|||||||||||
=008  120907q18011850sp\a\\\\o\\\\\000\0\spa\\
=FMT  \\$a  BK
=040  \\$aUkCU$beng$cUkCU$dUk
=245  00$aDoña Paula Fenix :$bprimera parte.
=260  \\$aCon licencia en Córdoba :$bEn la imprenta de Don Rafael Garcia Rodriguez, calle de la Librería,$c[between 1801 and 1850?]
=300  \\$a1 online resource
=336  \\$atext$2rdacontent
=337  \\$acomputer$2rdamedia
=338  \\$aonline resources$2rdacarrier
=500  \\$aText printed in two columns.
=500  \\$aIn verse.
=500  \\$aTwo separate illustrations at head of title; second part with two additional illustrations at head of title.
=500  \\$aCaption title.
=500  \\$aImprint from colophon.
=500  \\$a"Núm. 152."
=500  \\$aIn two parts.
=599  \\$aItem no. T60 in volume 1074.g.28.v2.$5Uk
=599  \\$aItem no. T28 in volume 1609.4455.$5Uk
=599  \\$aItem T28 in volume 1609.4455 has pages [7-8] out of sequence.$5Uk
=533  \\$aElectronic Reproduction$bLondon$cBritish Library$d2012$nItem no. T60 in volume 1074.g.28.v2.$nItem no. T28 in volume 1609.4455.$nItem T28 in volume 1609.4455 has pages [7-8] out of sequence.$5Uk
=650  \4$aPaula Fenix (Fictitious character)
=650  \0$aAdultery.
=650  \4$aAdulterio.
=650  \4$aConventos.
=653  \1$aPaula Fenix (Personaje ficticio)
=655  \7$aChapbooks$zSpain.$2rbgenr
=662  \\$aSpain$dCádiz$2lcsh-naf
=752  \\$aSpain$dCórdoba.
=856  40$uhttp://cudl.lib.cam.ac.uk/view/PR-01609-04455-00028$yCambridge Digital Library$zItem no. T28 in 1609.4455
=856  40$uhttp://cudl.lib.cam.ac.uk/view/PR-01074-G-00028-V2-00060$yCambridge Digital Library$zItem no. T60 in 1074.g.28.v2
=859  \\$aXLD$bCambridge Digital Library
=CAT  \\$aWR14_159$b00$c20141016$lBLL01$h1655
=CAT  \\$aWR14_181$c20150323$lBLL01$h1403
=CAT  \\$aW1606-1753$c20171028$lBLL01$h1604
=SRC  \\$aBLWrongdoing
=LAS  \\$aW1606-1753$b00$c20171028$lBLL01$h1604

