=LDR  01874 am a2200469 a 4500
=001  016893506
=003  Uk
=005  20140602093712.0
=006  m\\\\||\\d\|\\\\\\
=007  cr\|||||||||||
=008  120907q18011850sp\\\\\\o\\\\\000\0\spa\\
=FMT  \\$a  BK
=040  \\$aUkCU$beng$cUkCU$dUk
=100  1\$aCalderón de la Barca, Pedro,$d1600-1681.
=245  10$aRelacion de hombre :$bEl mayor monstruo los zelos /$cde Don Pedro Calderon.
=246  30$aMayor monstruo los zelos
=260  \\$aCon licencia en Córdoba :$bEn la imprenta de Don Rafael Garcia Rodriguez, calle de la Librería,$c[between 1801 and 1850?]
=300  \\$a1 online resource
=336  \\$atext$2rdacontent
=337  \\$acomputer$2rdamedia
=338  \\$aonline resources$2rdacarrier
=500  \\$aText printed in two columns.
=500  \\$aIn verse.
=500  \\$aIllustration at head of title.
=500  \\$aCaption title.
=500  \\$aImprint from colophon.
=500  \\$a"Núm. 163."
=599  \\$aItem no. T64 in volume 1074.g.28.v2.$5Uk
=599  \\$aItem no. T8 in volume 11450.h.6.$5Uk
=533  \\$aElectronic Reproduction$bLondon$cBritish Library$d2012$nItem no. T64 in volume 1074.g.28.v2.$nItem no. T8 in volume 11450.h.6.$5Uk
=650  \0$aJealousy.
=650  \4$aCelos.
=655  \7$aChapbooks$zSpain.$2rbgenr
=752  \\$aSpain$dCórdoba.
=856  40$uhttp://cudl.lib.cam.ac.uk/view/PR-11450-H-00006-00008$yCambridge Digital Library$zItem no. T8 in 11450.h.6
=856  40$uhttp://cudl.lib.cam.ac.uk/view/PR-01074-G-00028-V2-00064$yCambridge Digital Library$zItem no. T64 in 1074.g.28.v2
=859  \\$aXLD$bCambridge Digital Library
=CAT  \\$aWR14_159$b00$c20141016$lBLL01$h1655
=CAT  \\$aWR14_181$c20150323$lBLL01$h1403
=CAT  \\$aW1606-1753$c20171028$lBLL01$h1604
=SRC  \\$aBLWrongdoing
=LAS  \\$aW1606-1753$b00$c20171028$lBLL01$h1604

