=LDR  02149 am a2200541 a 4500
=001  016893520
=003  Uk
=005  20131213170625.0
=006  m\\\\||\\d\|\\\\\\
=007  cr\|||||||||||
=008  120907q18011850sp\a\\\\o\\\\\000\0\spa\\
=FMT  \\$a  BK
=040  \\$aUkCU$beng$cUkCU$dUk
=245  00$aRelacion Rendirse a la obligacion.
=246  30$aRendirse a la obligacion
=260  \\$aCon licencia en Córdoba :$bEn la imprenta de Don Rafael Garcia Rodriguez, calle de la Librería,$c[between 1801 and 1850?]
=300  \\$a1 online resource
=336  \\$atext$2rdacontent
=337  \\$acomputer$2rdamedia
=338  \\$aonline resources$2rdacarrier
=500  \\$aText printed in two columns.
=500  \\$aIn verse.
=500  \\$aTwo separate illustrations at head of title.
=500  \\$aCaption title.
=500  \\$aImprint from colophon.
=500  \\$a"Núm. 187."
=599  \\$aItem no. T78 in volume 1074.g.28.v2.$5Uk
=599  \\$aItem no. T4 in volume 1609.4455.$5Uk
=599  \\$aItem no. T75 in volume 11450.h.5.$5Uk
=533  \\$aElectronic Reproduction$bLondon$cBritish Library$d2012$nItem no. T78 in volume 1074.g.28.v2.$nItem no. T4 in volume 1609.4455.$nItem no. T75 in volume 11450.h.5.$5Uk
=650  \0$aLove.
=650  \0$aJealousy.
=650  \4$aAmor.
=650  \4$aCelos.
=650  \4$aBodas.
=655  \7$aChapbooks$zSpain.$2rbgenr
=662  \\$aItaly$dNaples$2lcsh-naf
=662  \\$aFrance$dBrittany$2lcsh-naf
=752  \\$aSpain$dCórdoba.
=856  40$uhttp://cudl.lib.cam.ac.uk/view/PR-11450-H-00005-00075$yCambridge Digital Library$zItem no. T75 in 11450.h.5
=856  40$uhttp://cudl.lib.cam.ac.uk/view/PR-01609-04455-00004$yCambridge Digital Library$zItem no. T4 in 1609.4455
=856  40$uhttp://cudl.lib.cam.ac.uk/view/PR-01074-G-00028-V2-00078$yCambridge Digital Library$zItem no. T78 in 1074.g.28.v2
=859  \\$aXLD$bCambridge Digital Library
=CAT  \\$aWR14_159$b00$c20141016$lBLL01$h1655
=CAT  \\$aWR14_181$c20150323$lBLL01$h1403
=CAT  \\$aW1606-1753$c20171028$lBLL01$h1604
=SRC  \\$aBLWrongdoing
=LAS  \\$aW1606-1753$b00$c20171028$lBLL01$h1604

