=LDR  01901 am a2200481 a 4500
=001  016893522
=003  Uk
=005  20131213164543.0
=006  m\\\\||\\d\|\\\\\\
=007  cr\|||||||||||
=008  120912q18011850sp\a\\\\o\\\\\000\0\spa\\
=FMT  \\$a  BK
=040  \\$aUkCU$beng$cUkCU$dUk
=245  00$aRelacion de muger de la comedia :$bLo que son juicios del Cielo.
=246  30$aLo que son juicios del Cielo
=260  \\$aCon licencia en Córdoba :$bEn la imprenta de Don Rafael Garcia Rodriguez, calle de la Librería,$c[between 1801 and 1850?]
=300  \\$a1 online resource
=336  \\$atext$2rdacontent
=337  \\$acomputer$2rdamedia
=338  \\$aonline resources$2rdacarrier
=500  \\$aText printed in two columns.
=500  \\$aIn verse.
=500  \\$aTwo separate illustrations at head of title.
=500  \\$aCaption title.
=500  \\$aImprint from colophon.
=500  \\$a"Núm. 190."
=599  \\$aItem no. T80 in volume 1074.g.28.v2.$5Uk
=599  \\$aItem no. T79 in volume 12330.l.10.$5Uk
=533  \\$aElectronic Reproduction$bLondon$cBritish Library$d2012$nItem no. T80 in volume 1074.g.28.v2.$nItem no. T79 in volume 12330.l.10.$5Uk
=650  \0$aFathers and daughters.
=650  \0$aSadness.
=650  \4$aPadres e hijas.
=650  \4$aTristeza.
=655  \7$aChapbooks$zSpain.$2rbgenr
=752  \\$aSpain$dCórdoba.
=856  40$uhttp://cudl.lib.cam.ac.uk/view/PR-12330-L-00010-00079$yCambridge Digital Library$zItem no. T79 in 12330.l.10
=856  40$uhttp://cudl.lib.cam.ac.uk/view/PR-01074-G-00028-V2-00080$yCambridge Digital Library$zItem no. T80 in 1074.g.28.v2
=859  \\$aXLD$bCambridge Digital Library
=CAT  \\$aWR14_159$b00$c20141016$lBLL01$h1655
=CAT  \\$aWR14_181$c20150323$lBLL01$h1403
=CAT  \\$aW1606-1753$c20171028$lBLL01$h1604
=SRC  \\$aBLWrongdoing
=LAS  \\$aW1606-1753$b00$c20171028$lBLL01$h1604

