=LDR  02240 am a2200553 a 4500
=001  016893524
=003  Uk
=005  20131213161200.0
=006  m\\\\||\\d\|\\\\\\
=007  cr\|||||||||||
=008  120912q18011850sp\a\\\\o\\\\\000\0\spa\\
=FMT  \\$a  BK
=040  \\$aUkCU$beng$cUkCU$dUk
=245  00$aDon Diego del Castillo :$bprimera parte.
=260  \\$aCon licencia en Córdoba :$bEn la imprenta de Don Rafael Garcia Rodriguez, calle de la Librería,$c[between 1801 and 1850?]
=300  \\$a1 online resource
=336  \\$atext$2rdacontent
=337  \\$acomputer$2rdamedia
=338  \\$aonline resources$2rdacarrier
=500  \\$aText printed in two columns.
=500  \\$aIn verse.
=500  \\$aTwo separate illustrations at head of title; second part with two additional illustrations at head of title.
=500  \\$aCaption title.
=500  \\$aImprint from colophon.
=500  \\$a"Núm. 193."
=500  \\$aIn two parts. Part two has title: "D. Diego del Castillo: segunda parte."
=599  \\$aItem no. T82 in volume 1074.g.28.v2.$5Uk
=599  \\$aItem no. T79 in volume 11450.h.5.$5Uk
=533  \\$aElectronic Reproduction$bLondon$cBritish Library$d2012$nItem no. T82 in volume 1074.g.28.v2.$nItem no. T79 in volume 11450.h.5.$5Uk
=650  \0$aFathers and daughters.
=650  \4$aPadres e hijas.
=650  \0$aElopement.
=650  \4$aDiego del Castillo (Fictitious character)
=650  \4$aBodas.
=653  \0$aFuga.
=653  \1$aDiego del Castillo (Personaje ficticio)
=655  \7$aChapbooks$zSpain.$2rbgenr
=662  \\$aSpain$dPlasencia$2lcsh-naf
=662  \\$aSpain$dToledo$2lcsh-naf
=740  02$aD. Diego del Castillo.
=752  \\$aSpain$dCórdoba.
=856  40$uhttp://cudl.lib.cam.ac.uk/view/PR-11450-H-00005-00079$yCambridge Digital Library$zItem no. T79 in 11450.h.5
=856  40$uhttp://cudl.lib.cam.ac.uk/view/PR-01074-G-00028-V2-00082$yCambridge Digital Library$zItem no. T82 in 1074.g.28.v2
=859  \\$aXLD$bCambridge Digital Library
=CAT  \\$aWR14_159$b00$c20141016$lBLL01$h1655
=CAT  \\$aWR14_181$c20150323$lBLL01$h1403
=CAT  \\$aW1606-1753$c20171028$lBLL01$h1604
=SRC  \\$aBLWrongdoing
=LAS  \\$aW1606-1753$b00$c20171028$lBLL01$h1604

