=LDR  02376 am a2200529 a 4500
=001  016893527
=003  Uk
=005  20131213152933.0
=006  m\\\\||\\d\|\\\\\\
=007  cr\|||||||||||
=008  120912q18081814sp\a\\\\o\\\\\000\0\spa\\
=FMT  \\$a  BK
=040  \\$aUkCU$beng$cUkCU$dUk
=245  00$aDon Carlos y Doña Elena :$bRomance nuevo en que se da noticia de los amores de estos amantes, naturales de la ciudad de Malaga : con lo demás que verá el curioso lector : primera parte.
=246  30$aRomance nuevo en que se da noticia de los amores de estos amantes
=260  \\$aCon licencia en Córdoba :$bEn la imprenta de Don Rafael Garcia Rodriguez, calle de la Librería,$c[between 1808 and 1814]
=300  \\$a1 online resource
=336  \\$atext$2rdacontent
=337  \\$acomputer$2rdamedia
=338  \\$aonline resources$2rdacarrier
=500  \\$aText printed in two columns.
=500  \\$aIn verse.
=500  \\$aTwo separate illustrations at head of title.
=500  \\$aCaption title.
=500  \\$aImprint from colophon.
=500  \\$a"Núm. 200."
=500  \\$aIn two parts. Part two has title: "Segunda parte en que se finalizan los amores de Don Carlos y Doña Elena, y lo demas que verá el curioso lector."
=599  \\$aItem no. T85 in volume 1074.g.28.v2.$5Uk
=599  \\$aItem no. T80 in volume 11450.h.5.$5Uk
=533  \\$aElectronic Reproduction$bLondon$cBritish Library$d2012$nItem no. T85 in volume 1074.g.28.v2.$nItem no. T80 in volume 11450.h.5.$5Uk
=650  \0$aCourtship.
=650  \4$aCortejo amoroso.
=650  \4$aCautivos.
=650  \4$aConventos.
=650  \4$aBodas.
=655  \7$aChapbooks$zSpain.$2rbgenr
=662  \\$aSpain$dMálaga$2lcsh-naf
=740  02$aSegunda parte en que se finalizan los amores de Don Carlos y Doña Elena.
=752  \\$aSpain$dCórdoba.
=856  40$uhttp://cudl.lib.cam.ac.uk/view/PR-11450-H-00005-00080$yCambridge Digital Library$zItem no. T80 in 11450.h.5
=856  40$uhttp://cudl.lib.cam.ac.uk/view/PR-01074-G-00028-V2-00085$yCambridge Digital Library$zItem no. T85 in 1074.g.28.v2
=859  \\$aXLD$bCambridge Digital Library
=CAT  \\$aWR14_159$b00$c20141016$lBLL01$h1655
=CAT  \\$aWR14_181$c20150323$lBLL01$h1403
=CAT  \\$aW1606-1753$c20171028$lBLL01$h1604
=SRC  \\$aBLWrongdoing
=LAS  \\$aW1606-1753$b00$c20171028$lBLL01$h1604

