=LDR  01936 am a2200481 a 4500
=001  016893535
=003  Uk
=005  20140602093819.0
=006  m\\\\||\\d\|\\\\\\
=007  cr\|||||||||||
=008  120913q18011850sp\\\\\\o\\\\\000\0\spa\\
=FMT  \\$a  BK
=040  \\$aUkCU$beng$cUkCU$dUk
=100  1\$aEnríquez Gómez, Antonio,$d1600-1663.
=245  10$aPasillo de la prudente Abigail /$cpor Don Antonio Enriquez Gomez.
=246  30$aPrudente Abigail
=260  \\$aCon licencia en Córdoba :$bEn la imprenta de Don Rafael Garcia Rodriguez, calle de la Librería,$c[between 1801 and 1850?]
=300  \\$a1 online resource
=336  \\$atext$2rdacontent
=337  \\$acomputer$2rdamedia
=338  \\$aonline resources$2rdacarrier
=500  \\$aText printed in two columns.
=500  \\$aIn verse.
=500  \\$aCaption title.
=500  \\$aImprint from colophon.
=500  \\$a"Núm. 221."
=599  \\$aItem no. T93 in volume 1074.g.28.v2.$5Uk
=599  \\$aItem no. T17 in volume 11450.h.6.$5Uk
=533  \\$aElectronic Reproduction$bLondon$cBritish Library$d2012$nItem no. T93 in volume 1074.g.28.v2.$nItem no. T17 in volume 11450.h.6.$5Uk
=650  \0$aSatire, Spanish.
=650  \4$aSátira española.
=655  \7$aChapbooks$zSpain.$2rbgenr
=752  \\$aSpain$dCórdoba.
=856  40$uhttp://cudl.lib.cam.ac.uk/view/PR-11450-H-00006-00017$yCambridge Digital Library$zItem no. T17 in 11450.h.6
=856  40$uhttp://cudl.lib.cam.ac.uk/view/PR-01074-G-00028-V2-00093$yCambridge Digital Library$zItem no. T93 in 1074.g.28.v2
=859  \\$aXLD$bCambridge Digital Library
=CAT  \\$aWR14_159$b00$c20141016$lBLL01$h1655
=CAT  \\$aBATCH-UPD$b00$c20141016$lBLL01$h1706
=CAT  \\$aWR14_181$c20150323$lBLL01$h1403
=CAT  \\$aW1606-1753$c20171028$lBLL01$h1604
=CAT  \\$aBATCH-UPD$b00$c20200510$lBLL01$h2117
=SRC  \\$aBLWrongdoing
=LAS  \\$aBATCH-UPD$b00$c20200510$lBLL01$h2117

