=LDR  01872 am a2200457 a 4500
=001  016893547
=003  Uk
=005  20131213165230.0
=006  m\\\\||\\d\|\\\\\\
=007  cr\|||||||||||
=008  120918q18011850sp\a\\\\o\\\\\000\0\spa\\
=FMT  \\$a  BK
=040  \\$aUkCU$beng$cUkCU$dUk
=100  1\$aOlmo Alfonso, Lucas del.
=245  13$aEl pensamiento del hombre :$benigma curioso en un discreto romance /$ccompuesto por Lucas del Olmo Alfonso.
=260  \\$aCon licencia en Córdoba :$bEn la imprenta de Don Rafael Garcia Rodriguez, calle de la Librería,$c[between 1801 and 1850?]
=300  \\$a1 online resource
=336  \\$atext$2rdacontent
=337  \\$acomputer$2rdamedia
=338  \\$aonline resources$2rdacarrier
=500  \\$aText printed in two columns.
=500  \\$aIn verse.
=500  \\$aThree separate illustrations at head of title.
=500  \\$aCaption title.
=500  \\$aImprint from colophon.
=500  \\$a"Núm. 243."
=599  \\$aItem no. T105 in volume 1074.g.28.v2.$5Uk
=599  \\$aItem no. T25 in volume 1609.4455.$5Uk
=533  \\$aElectronic Reproduction$bLondon$cBritish Library$d2012$nItem no. T105 in volume 1074.g.28.v2.$nItem no. T25 in volume 1609.4455.$5Uk
=650  \0$aHuman beings.
=650  \4$aHombre.
=655  \7$aChapbooks$zSpain.$2rbgenr
=752  \\$aSpain$dCórdoba.
=856  40$uhttp://cudl.lib.cam.ac.uk/view/PR-01609-04455-00025$yCambridge Digital Library$zItem no. T25 in 1609.4455
=856  40$uhttp://cudl.lib.cam.ac.uk/view/PR-01074-G-00028-V2-00105$yCambridge Digital Library$zItem no. T105 in 1074.g.28.v2
=859  \\$aXLD$bCambridge Digital Library
=CAT  \\$aWR14_159$b00$c20141016$lBLL01$h1655
=CAT  \\$aWR14_181$c20150323$lBLL01$h1403
=CAT  \\$aW1606-1753$c20171028$lBLL01$h1604
=SRC  \\$aBLWrongdoing
=LAS  \\$aW1606-1753$b00$c20171028$lBLL01$h1604

