=LDR  02422 am a2200529 a 4500
=001  016893558
=003  Uk
=005  20131213154454.0
=006  m\\\\||\\d\|\\\\\\
=007  cr\|||||||||||
=008  120918q18011850sp\a\\\\o\\\\\000\0\spa\\
=FMT  \\$a  BK
=040  \\$aUkCU$beng$cUkCU$dUk
=245  00$aDoña Isabel Gonzalez :$bDase cuenta de la usura y avaricia que tenia esta señora y poca caridad para con los pobres : como se arrepintió y diò su hacienda á los necesitados, por haber visto el premio que á una criada suya la concediò Dios por ser muy caritativa : con lo demas que verá el curioso lector.
=246  30$aDase cuenta de la usura y avaricia que tenia esta señora y poca caridad para con los pobres
=260  \\$aCon licencia en Córdoba :$bEn la imprenta de Don Rafael Garcia Rodriguez, calle de la Librería,$c[between 1801 and 1850?]
=300  \\$a1 online resource
=336  \\$atext$2rdacontent
=337  \\$acomputer$2rdamedia
=338  \\$aonline resources$2rdacarrier
=500  \\$aText printed in two columns.
=500  \\$aIn verse.
=500  \\$aTwo separate illustrations at head of title.
=500  \\$aCaption title.
=500  \\$aImprint from colophon.
=500  \\$a"Núm. 262."
=599  \\$aItem no. T116 in volume 1074.g.28.v2.$5Uk
=599  \\$aItem no. T65 in volume 11450.h.5.$5Uk
=533  \\$aElectronic Reproduction$bLondon$cBritish Library$d2012$nItem no. T116 in volume 1074.g.28.v2.$nItem no. T65 in volume 11450.h.5.$5Uk
=650  \0$aAvarice.
=650  \0$aRepentance$xChristianity.
=650  \0$aJudgement of God
=650  \4$aAvaricia.
=650  \4$aArrepentimiento$xCristianismo.
=650  \4$aIsabel Gonzalez (Fictitious character)
=653  \1$aIsabel Gonzalez (Personaje ficticio)
=655  \7$aChapbooks$zSpain.$2rbgenr
=662  \\$aSpain$dNavarre$2lcsh-naf
=752  \\$aSpain$dCórdoba.
=856  40$uhttp://cudl.lib.cam.ac.uk/view/PR-11450-H-00005-00065$yCambridge Digital Library$zItem no. T65 in 11450.h.5
=856  40$uhttp://cudl.lib.cam.ac.uk/view/PR-01074-G-00028-V2-00116$yCambridge Digital Library$zItem no. T116 in 1074.g.28.v2
=859  \\$aXLD$bCambridge Digital Library
=CAT  \\$aWR14_159$b00$c20141016$lBLL01$h1655
=CAT  \\$aWR14_181$c20150323$lBLL01$h1403
=CAT  \\$aW1606-1753$c20171028$lBLL01$h1604
=SRC  \\$aBLWrongdoing
=LAS  \\$aW1606-1753$b00$c20171028$lBLL01$h1604

