=LDR  02493 am a2200577 a 4500
=001  016893563
=003  Uk
=005  20140602093856.0
=006  m\\\\||\\d\|\\\\\\
=007  cr\|||||||||||
=008  120921q18011850sp\a\\\\o\\\\\000\0\spa\\
=FMT  \\$a  BK
=040  \\$aUkCU$beng$cUkCU$dUk
=245  03$aEl mercader de Toledo :$bNuevo romance, en que se refiere un milagroso portento que sucedió en la ciudad de Toledo con un devoto de la Santísima Cruz y el maravilloso premio que sacó por tan santa devocion : con otras cosas prodigiosas que mas largamente verá el curioso lector : primera parte.
=246  30$aNuevo romance, en que se refiere un milagroso portento que sucedió en la ciudad de Toledo
=260  \\$aCon licencia en Córdoba :$bEn la imprenta de Don Rafael Garcia Rodriguez, calle de la Librería,$c[between 1801 and 1850?]
=300  \\$a1 online resource
=336  \\$atext$2rdacontent
=337  \\$acomputer$2rdamedia
=338  \\$aonline resources$2rdacarrier
=500  \\$aText printed in two columns.
=500  \\$aIn verse.
=500  \\$aThree separate illustrations at head of title; second part with three additional illustrations at head of title.
=500  \\$aCaption title.
=500  \\$aImprint from colophon.
=500  \\$a"Núm. 271."
=500  \\$aIn two parts.
=599  \\$aItem no. T121 in volume 1074.g.28.v2.$5Uk
=599  \\$aItem no. T15 in volume 11450.h.6.$5Uk
=533  \\$aElectronic Reproduction$bLondon$cBritish Library$d2012$nItem no. T121 in volume 1074.g.28.v2.$nItem no. T15 in volume 11450.h.6.$5Uk
=650  \0$aSacrilege.
=650  \0$aJews.
=650  \0$aAbduction.
=650  \0$aIncest.
=650  \4$aSacrilegio.
=650  \4$aJudíos.
=650  \4$aRapto.
=650  \4$aIncesto.
=650  \4$aComerciantes.
=655  \7$aChapbooks$zSpain.$2rbgenr
=662  \\$aSpain$dToledo$2lcsh-naf
=662  \\$aPortugal$dLisbon$2lcsh-naf
=752  \\$aSpain$dCórdoba.
=856  40$uhttp://cudl.lib.cam.ac.uk/view/PR-11450-H-00006-00015$yCambridge Digital Library$zItem no. T15 in 11450.h.6
=856  40$uhttp://cudl.lib.cam.ac.uk/view/PR-01074-G-00028-V2-00121$yCambridge Digital Library$zItem no. T121 in 1074.g.28.v2
=859  \\$aXLD$bCambridge Digital Library
=CAT  \\$aWR14_159$b00$c20141016$lBLL01$h1655
=CAT  \\$aWR14_181$c20150323$lBLL01$h1403
=CAT  \\$aW1606-1753$c20171028$lBLL01$h1604
=SRC  \\$aBLWrongdoing
=LAS  \\$aW1606-1753$b00$c20171028$lBLL01$h1604

