=LDR  03212 am a2200517 a 4500
=001  016893566
=003  Uk
=005  20131213161655.0
=006  m\\\\||\\d\|\\\\\\
=007  cr\|||||||||||
=008  120921q18011850sp\\\\\\o\\\\\000\0\spa\\
=FMT  \\$a  BK
=040  \\$aUkCU$beng$cUkCU$dUk
=245  00$aCartilla de casamientos :$bCuriosas seguidillas nuevas y calidades que deben tener las señoras mugeres con quienes se quieren casar los mocitos solteros, para desengaño de los que juzgando llevar una muger discreta, limpia y aplicada, se encuentra luego con una tonta, puerca y holgazana : y para aviso de los que imaginando coger un gran dote, les dan por junto tres sillas, las dos quebradas y la otra hecha pedazos, con otras entretenidas graciosidades : primera parte.
=246  30$aCuriosas seguidillas nuevas y calidades que deben tener las señoras mugeres con quienes se quieren casar los mocitos solteros
=260  \\$aCon licencia en Córdoba :$bEn la imprenta de Don Rafael Garcia Rodriguez, calle de la Librería,$c[between 1801 and 1850?]
=300  \\$a1 online resource
=336  \\$atext$2rdacontent
=337  \\$acomputer$2rdamedia
=338  \\$aonline resources$2rdacarrier
=500  \\$aText printed in two columns.
=500  \\$aIn verse.
=500  \\$aCaption title.
=500  \\$aImprint from colophon.
=500  \\$a"Núm. 281."
=500  \\$aIn two parts. Part two has title: "Segunda parte de las festivas graciosas seguidillas nuevas en que se manifiestan alegremente las partidas, clausulas y circunstancias con que deben escoger á sus novios las señoras doncellas para huir de los que pareciendo angeles al casarse se revuelven luego grandes demonios y para no encontrar con aquellos usías pisaverdes, que dando á entender que tienen seis mil ducados de renta, se halla luego que les falta ocho cuartos y medio para un real: con todo lo demas que verá el entretenido curioso."
=599  \\$aItem no. T124 in volume 1074.g.28.v2.$5Uk
=599  \\$aItem no. T31 in volume 11450.h.5.$5Uk
=533  \\$aElectronic Reproduction$bLondon$cBritish Library$d2012$nItem no. T124 in volume 1074.g.28.v2.$nItem no. T31 in volume 11450.h.5.$5Uk
=650  \0$aSatire, Spanish.
=650  \0$aMan-woman relationships.
=650  \0$aMarriage.
=650  \4$aSátira española.
=650  \4$aRelaciones hombre-mujer.
=650  \4$aMatrimonio.
=655  \7$aChapbooks$zSpain.$2rbgenr
=740  02$aSegunda parte de las festivas graciosas seguidillas nuevas en que se manifiestan alegremente las partidas, clausulas y circunstancias con que deben escoger á sus novios las señoras doncellas.
=752  \\$aSpain$dCórdoba.
=856  40$uhttp://cudl.lib.cam.ac.uk/view/PR-11450-H-00005-00031$yCambridge Digital Library$zItem no. T31 in 11450.h.5
=856  40$uhttp://cudl.lib.cam.ac.uk/view/PR-01074-G-00028-V2-00124$yCambridge Digital Library$zItem no. T124 in 1074.g.28.v2
=859  \\$aXLD$bCambridge Digital Library
=CAT  \\$aWR14_159$b00$c20141016$lBLL01$h1655
=CAT  \\$aWR14_181$c20150323$lBLL01$h1403
=CAT  \\$aW1606-1753$c20171028$lBLL01$h1604
=SRC  \\$aBLWrongdoing
=LAS  \\$aW1606-1753$b00$c20171028$lBLL01$h1604

