=LDR  02089 am a2200517 a 4500
=001  016893570
=003  Uk
=005  20131213170256.0
=006  m\\\\||\\d\|\\\\\\
=007  cr\|||||||||||
=008  120928q18011850sp\a\\\\o\\\\\000\0\spa\\
=FMT  \\$a  BK
=040  \\$aUkCU$beng$cUkCU$dUk
=245  00$aRomance en que se declaran los hechos, valentías y arrojos del andaluz mas valiente, llamado Francisco Correa.
=246  30$aFrancisco Correa
=260  \\$aCon licencia en Córdoba :$bEn la imprenta de Don Rafael Garcia Rodriguez, calle de la Librería,$c[between 1801 and 1850?]
=300  \\$a1 online resource
=336  \\$atext$2rdacontent
=337  \\$acomputer$2rdamedia
=338  \\$aonline resources$2rdacarrier
=500  \\$aText printed in two columns.
=500  \\$aIn verse.
=500  \\$aTwo separate illustrations at head of title.
=500  \\$aCaption title.
=500  \\$aImprint from colophon.
=500  \\$a"Núm. 291."
=599  \\$aItem no. T128 in volume 1074.g.28.v2.$5Uk
=599  \\$aItem no. T29 in volume 11450.h.5.$5Uk
=533  \\$aElectronic Reproduction$bLondon$cBritish Library$d2012$nItem no. T128 in volume 1074.g.28.v2.$nItem no. T29 in volume 11450.h.5.$5Uk
=650  \0$aCriminals.
=650  \0$aBrigands and robbers.
=650  \4$aDelincuentes.
=650  \4$aBandoleros.
=650  \4$aFrancisco Correa (Fictitious character)
=653  \1$aFrancisco Correa (Personaje ficticio)
=655  \7$aChapbooks$zSpain.$2rbgenr
=662  \\$aSpain$dSeville$2lcsh-naf
=752  \\$aSpain$dCórdoba.
=856  40$uhttp://cudl.lib.cam.ac.uk/view/PR-11450-H-00005-00029$yCambridge Digital Library$zItem no. T29 in 11450.h.5
=856  40$uhttp://cudl.lib.cam.ac.uk/view/PR-01074-G-00028-V2-00128$yCambridge Digital Library$zItem no. T128 in 1074.g.28.v2
=859  \\$aXLD$bCambridge Digital Library
=CAT  \\$aWR14_159$b00$c20141016$lBLL01$h1655
=CAT  \\$aWR14_181$c20150323$lBLL01$h1403
=CAT  \\$aW1606-1753$c20171028$lBLL01$h1604
=SRC  \\$aBLWrongdoing
=LAS  \\$aW1606-1753$b00$c20171028$lBLL01$h1604

