=LDR  01762 am a2200469 a 4500
=001  016893589
=003  Uk
=005  20131122122244.0
=006  m\\\\||\\d\|\\\\\\
=007  cr\|||||||||||
=008  120928q18201860sp\\\\\\o\\\\\000\0\spa\\
=FMT  \\$a  BK
=040  \\$aUkCU$beng$cUkCU$dUk
=100  0\$aGalan.
=245  10$aRelacion :$bDe una causa dos efectos /$cGalan.
=246  30$aDe una causa dos efectos
=260  \\$aCon licencia en Sevilla :$bEn la imprenta de Manuel Nicolàs Vazquez, en calle de Genova,$c[between 1820 and 1860]
=300  \\$a1 online resource
=336  \\$atext$2rdacontent
=337  \\$acomputer$2rdamedia
=338  \\$aonline resources$2rdacarrier
=500  \\$aText printed in two columns.
=500  \\$aIn verse.
=500  \\$aCaption title.
=500  \\$aImprint from colophon.
=599  \\$aItem no. T12 in volume 1609.4455.$5Uk
=599  \\$aItem no. T35 in volume 1609.4455.$5Uk
=533  \\$aElectronic Reproduction$bLondon$cBritish Library$d2012$nItem no. T12 in volume 1609.4455.$nItem no. T35 in volume 1609.4455.$5Uk
=650  \0$aLove.
=650  \0$aCourtship.
=650  \4$aAmor.
=650  \4$aCortejo amoroso.
=655  \7$aChapbooks$zSpain.$2rbgenr
=752  \\$aSpain$dSeville.
=856  40$uhttp://cudl.lib.cam.ac.uk/view/PR-01609-04455-00035$yCambridge Digital Library$zItem no. T35 in 1609.4455
=856  40$uhttp://cudl.lib.cam.ac.uk/view/PR-01609-04455-00012$yCambridge Digital Library$zItem no. T12 in 1609.4455
=859  \\$aXLD$bCambridge Digital Library
=CAT  \\$aWR14_159$b00$c20141016$lBLL01$h1655
=CAT  \\$aWR14_181$c20150323$lBLL01$h1403
=CAT  \\$aW1606-1753$c20171028$lBLL01$h1604
=SRC  \\$aBLWrongdoing
=LAS  \\$aW1606-1753$b00$c20171028$lBLL01$h1604

