=LDR  01711 am a2200457 a 4500
=001  016893692
=003  Uk
=005  20140602094558.0
=006  m\\\\||\\d\|\\\\\\
=007  cr\|||||||||||
=008  121101s1856\\\\sp\a\\\\o\\\\\000\0\spa\\
=FMT  \\$a  BK
=040  \\$aUkCU$beng$cUkCU$dUk
=245  00$aPasillo jocoso de la visita del hospital.
=260  \\$aMadrid :$bSe hallará de venta en la plaza de la Cebada, núm. 96,$c1856.
=300  \\$a1 online resource
=336  \\$atext$2rdacontent
=337  \\$acomputer$2rdamedia
=338  \\$aonline resources$2rdacarrier
=500  \\$aText printed in two columns.
=500  \\$aIn verse.
=500  \\$aIllustration at head of title.
=500  \\$aCaption title.
=500  \\$aImprint from colophon.
=500  \\$a"(Núm. 182.)"
=599  \\$aItem no. T43 in volume 11450.f.24.$5Uk
=599  \\$aItem no. T10 in volume 12330.l.8.$5Uk
=533  \\$aElectronic Reproduction$bLondon$cBritish Library$d2012$nItem no. T43 in volume 11450.f.24.$nItem no. T10 in volume 12330.l.8.$5Uk
=650  \0$aParody.
=650  \4$aParodia.
=650  \4$aHospitales.
=655  \7$aChapbooks$zSpain.$2rbgenr
=752  \\$aSpain$dMadrid.
=856  40$uhttp://cudl.lib.cam.ac.uk/view/PR-12330-L-00008-00010$yCambridge Digital Library$zItem no. T10 in 12330.l.8
=856  40$uhttp://cudl.lib.cam.ac.uk/view/PR-11450-F-00024-00043$yCambridge Digital Library$zItem no. T43 in 11450.f.24
=859  \\$aXLD$bCambridge Digital Library
=CAT  \\$aWR14_159$b00$c20141016$lBLL01$h1655
=CAT  \\$aWR14_181$c20150323$lBLL01$h1403
=CAT  \\$aW1606-1753$c20171028$lBLL01$h1604
=SRC  \\$aBLWrongdoing
=LAS  \\$aW1606-1753$b00$c20171028$lBLL01$h1604

