=LDR  02166 am a2200493 a 4500
=001  016893836
=003  Uk
=005  20140314154855.0
=006  m\\\\||\\d\|\\\\\\
=007  cr\|||||||||||
=008  130523q18221861sp\a\\\\o\\\\\000\0\cat\d
=FMT  \\$a  BK
=040  \\$aUkCU$beng$cUkCU$dUk
=245  04$aLos tractes del Adjutori y la Cinteta :$bCansó nova que esplica tot lo que s' digueren estos dos borinots, lo dia ántes de anarsen á casar, y per quins motius se va desfer lo casament, que es cosa digna de oirse, treta per lo Solitari de Alella.
=246  30$aCansó nova que esplica tot lo que s' digueren estos dos borinots
=260  \\$aBarcelona :$bEn la Estampa de Ignasi Estivill, carrer de la Boria,$c[between 1822 and 1861?]
=300  \\$a1 online resource
=336  \\$atext$2rdacontent
=337  \\$acomputer$2rdamedia
=338  \\$aonline resources$2rdacarrier
=500  \\$aText printed in two columns.
=500  \\$aIn verse.
=500  \\$aTwo separate illustrations at head of title.
=500  \\$aCaption title.
=500  \\$aImprint from colophon.
=599  \\$aItem no. T4 in volume 11450.f.26.$5Uk
=599  \\$aItem no. T122 in volume 12330_l_22_v5.$5Uk
=533  \\$aElectronic Reproduction$bLondon$cBritish Library$d2012$nItem no. T4 in volume 11450.f.26.$nItem no. T122 in volume 12330_l_22_v5.$5Uk
=650  \0$aSongs, Spanish$vTexts.
=650  \0$aMan-woman relationships.
=650  \0$aMarriage.
=650  \4$aRelaciones hombre-mujer.
=650  \4$aMatrimonio.
=653  \0$aCanciones españolas--Textos.
=655  \7$aChapbooks$zSpain.$2rbgenr
=752  \\$aSpain$dBarcelona.
=856  40$uhttp://cudl.lib.cam.ac.uk/view/PR-12330-L-00022-V5-00122$yCambridge Digital Library$zItem no. T122 in 12330_l_22_v5
=856  40$uhttp://cudl.lib.cam.ac.uk/view/PR-11450-F-00026-00004$yCambridge Digital Library$zItem no. T4 in 11450.f.26
=859  \\$aXLD$bCambridge Digital Library
=CAT  \\$aWR14_159$b00$c20141016$lBLL01$h1655
=CAT  \\$aWR14_181$c20150323$lBLL01$h1403
=CAT  \\$aW1606-1753$c20171028$lBLL01$h1604
=SRC  \\$aBLWrongdoing
=LAS  \\$aW1606-1753$b00$c20171028$lBLL01$h1604

