=LDR  02834 am a2200637 a 4500
=001  016893838
=003  Uk
=005  20140602101218.0
=006  m\\\\||\\d\|\\\\\\
=007  cr\|||||||||||
=008  130523q18161852sp\a\\\\o\\\\\000\0\spa\d
=FMT  \\$a  BK
=040  \\$aUkCU$beng$cUkCU$dUk
=245  10$aNuevo y curioso romance en donde da cuenta y declara el caso que le aconteció á Don Antonio Barceló saliendo con su armada del puerto de Cartagena, llevando en su compañía á Don Vicente Ferrer y Don Diego de Frias :$by el milagro que obró la Vírgen de Guaytoca : con todo lo demas que verá el curioso lector : primera parte.
=260  \\$aBarcelona :$bImprenta de Ignacio Estivill, calle de la Boria,$c[between 1816 and 1852]
=300  \\$a1 online resource
=336  \\$atext$2rdacontent
=337  \\$acomputer$2rdamedia
=338  \\$aonline resources$2rdacarrier
=500  \\$aText printed in two columns.
=500  \\$aIn verse.
=500  \\$aThree separate illustrations at head of title.
=500  \\$aCaption title.
=500  \\$aImprint from colophon.
=500  \\$aIn two parts.
=500  \\$a"Núm. 10."
=599  \\$aItem no. T6 in volume 11450.f.26.$5Uk
=599  \\$aItem no. T54 in volume 12330_l_22_v5.$5Uk
=533  \\$aElectronic Reproduction$bLondon$cBritish Library$d2012$nItem no. T6 in volume 11450.f.26.$nItem no. T54 in volume 12330_l_22_v5.$5Uk
=600  10$aBarceló, Antoni,$d1716-1797.
=650  \0$aChristianity and other religions$xIslam.
=650  \0$aIslam$xRelations$xChristianity.
=650  \0$aMiracles.
=650  \4$aCristianismo y otras religiones$xIslamismo.
=650  \4$aIslamismo$xRelaciones$xCristianismo.
=650  \4$aMilagros.
=650  \4$aDiego de Frias (Fictitious character)
=650  \4$aVicente Ferrer (Fictitious character)
=650  \4$aSoldados.
=653  \1$aDiego de Frias (Personaje ficticio)
=653  \1$aVicente Ferrer (Personaje ficticio)
=655  \7$aChapbooks$zSpain.$2rbgenr
=662  \\$aSpain$dCartagena$2lcsh-naf
=662  \\$aAlgeria$dAlgiers$2lcsh-naf
=662  \\$aArgentina$dBuenos Aires$2lcsh-naf
=700  1\$aEstivill, Ignacio,$dactive 1816-1852$cactive 1816-1852,$eprinter.$5Uk
=752  \\$aSpain$dBarcelona.
=856  40$uhttp://cudl.lib.cam.ac.uk/view/PR-12330-L-00022-V5-00054$yCambridge Digital Library$zItem no. T54 in 12330_l_22_v5
=856  40$uhttp://cudl.lib.cam.ac.uk/view/PR-11450-F-00026-00006$yCambridge Digital Library$zItem no. T6 in 11450.f.26
=859  \\$aXLD$bCambridge Digital Library
=CAT  \\$aWR14_159$b00$c20141016$lBLL01$h1655
=CAT  \\$aBATCH-UPD$b00$c20141016$lBLL01$h1715
=CAT  \\$aWR14_181$c20150323$lBLL01$h1403
=CAT  \\$aW1606-1753$c20171028$lBLL01$h1604
=SRC  \\$aBLWrongdoing
=LAS  \\$aW1606-1753$b00$c20171028$lBLL01$h1604

