=LDR  02237 am a2200541 a 4500
=001  016893846
=003  Uk
=005  20140602102939.0
=006  m\\\\||\\d\|\\\\\\
=007  cr\|||||||||||
=008  130523q18161852sp\a\\\\o\\\\\000\0\spa\d
=FMT  \\$a  BK
=040  \\$aUkCU$beng$cUkCU$dUk
=245  03$aEl alarbe de Marsella :$bejemplar castigo que ha ejecutado Dios nuestro Señor con un caballero de la ciudad de Marsella, por haber dado muerte á su padre y á un hermano suyo y otras varias atrocidades que habia practicado.
=260  \\$aBarcelona :$bImprenta de Ignacio Estivill, calle de la Boria,$c[between 1816 and 1852]
=300  \\$a1 online resource
=336  \\$atext$2rdacontent
=337  \\$acomputer$2rdamedia
=338  \\$aonline resources$2rdacarrier
=500  \\$aText printed in two columns.
=500  \\$aIn verse.
=500  \\$aIllustration at head of title.
=500  \\$aCaption title.
=500  \\$aImprint from colophon.
=500  \\$a"Núm. 5."
=599  \\$aItem no. T14 in volume 11450.f.26.$5Uk
=599  \\$aItem no. T60 in volume 12330.l.10.$5Uk
=533  \\$aElectronic Reproduction$bLondon$cBritish Library$d2012$nItem no. T14 in volume 11450.f.26.$nItem no. T60 in volume 12330.l.10.$5Uk
=650  \0$aFratricide.
=650  \0$aParricide.
=650  \0$aJudgment of God.
=650  \0$aChristianity and justice.
=650  \4$aFratricidio.
=650  \4$aParricidio.
=653  \0$aJusticia divina.
=655  \7$aChapbooks$zSpain.$2rbgenr
=662  \\$aFrance$dMarseille$2lcsh-naf
=700  1\$aEstivill, Ignacio,$dactive 1816-1852$cactive 1816-1852,$eprinter.$5Uk
=752  \\$aSpain$dBarcelona.
=856  40$uhttp://cudl.lib.cam.ac.uk/view/PR-12330-L-00010-00060$yCambridge Digital Library$zItem no. T60 in 12330.l.10
=856  40$uhttp://cudl.lib.cam.ac.uk/view/PR-11450-F-00026-00014$yCambridge Digital Library$zItem no. T14 in 11450.f.26
=859  \\$aXLD$bCambridge Digital Library
=CAT  \\$aWR14_159$b00$c20141016$lBLL01$h1655
=CAT  \\$aBATCH-UPD$b00$c20141016$lBLL01$h1707
=CAT  \\$aWR14_181$c20150323$lBLL01$h1403
=CAT  \\$aW1606-1753$c20171028$lBLL01$h1604
=SRC  \\$aBLWrongdoing
=LAS  \\$aW1606-1753$b00$c20171028$lBLL01$h1604

