=LDR  01887 am a2200481 a 4500
=001  016893851
=003  Uk
=005  20130905161316.0
=006  m\\\\||\\d\|\\\\\\
=007  cr\|||||||||||
=008  130523s1833\\\\sp\a\\\\o\\\\\000\0\spa\d
=FMT  \\$a  BK
=040  \\$aUkCU$beng$cUkCU$dUk
=245  00$aAngustias de la bolsa :$bContienda entre un galan, la bolsa y una dama, quejándose de las inconstancias que se tienen entre sí.
=246  30$aContienda entre un galan, la bolsa y una dama
=260  \\$aCon licencia Barcelona :$bImprenta de Estivill,$caño 1833.
=300  \\$a1 online resource
=336  \\$atext$2rdacontent
=337  \\$acomputer$2rdamedia
=338  \\$aonline resources$2rdacarrier
=500  \\$aText printed in two columns.
=500  \\$aIn verse.
=500  \\$aTwo separate illustrations at head of title.
=500  \\$aCaption title.
=500  \\$aImprint from colophon.
=500  \\$a"A. Núm. 26."
=599  \\$aItem no. T19 in volume 11450.f.26.$5Uk
=599  \\$aItem no. T49 in volume 12330.l.10.$5Uk
=533  \\$aElectronic Reproduction$bLondon$cBritish Library$d2012$nItem no. T19 in volume 11450.f.26.$nItem no. T49 in volume 12330.l.10.$5Uk
=650  \0$aMoney.
=650  \0$aParody.
=650  \4$aDinero.
=650  \4$aParodia.
=655  \7$aChapbooks$zSpain.$2rbgenr
=752  \\$aSpain$dBarcelona.
=856  40$uhttp://cudl.lib.cam.ac.uk/view/PR-12330-L-00010-00049$yCambridge Digital Library$zItem no. T49 in 12330.l.10
=856  40$uhttp://cudl.lib.cam.ac.uk/view/PR-11450-F-00026-00019$yCambridge Digital Library$zItem no. T19 in 11450.f.26
=859  \\$aXLD$bCambridge Digital Library
=CAT  \\$aWR14_159$b00$c20141016$lBLL01$h1655
=CAT  \\$aWR14_181$c20150323$lBLL01$h1403
=CAT  \\$aW1606-1753$c20171028$lBLL01$h1604
=SRC  \\$aBLWrongdoing
=LAS  \\$aW1606-1753$b00$c20171028$lBLL01$h1604

