=LDR  02046 am a2200481 a 4500
=001  016893853
=003  Uk
=005  20140602101926.0
=006  m\\\\||\\d\|\\\\\\
=007  cr\|||||||||||
=008  130524s1837\\\\sp\a\\\\o\\\\\000\0\spa\\
=FMT  \\$a  BK
=040  \\$aUkCU$beng$cUkCU$dUk
=245  03$aEl general Belisario :$bRomance nuevo sacado de su historia á tenor del plan de la ópera italiana del mismo nombre.
=246  30$aRomance nuevo sacado de su historia á tenor del plan de la ópera italiana del mismo nombre
=260  \\$aBarcelona :$bImprenta de Ignacio Estivill, calle de la Boria,$caño 1837.
=300  \\$a1 online resource
=336  \\$atext$2rdacontent
=337  \\$acomputer$2rdamedia
=338  \\$aonline resources$2rdacarrier
=500  \\$aText printed in two columns.
=500  \\$aIn verse.
=500  \\$aIllustration at head of title.
=500  \\$aCaption title.
=500  \\$aImprint from colophon.
=599  \\$aItem no. T21 in volume 11450.f.26.$5Uk
=599  \\$aItem no. T52 in volume 11450.h.6.$5Uk
=533  \\$aElectronic Reproduction$bLondon$cBritish Library$d2012$nItem no. T21 in volume 11450.f.26.$nItem no. T52 in volume 11450.h.6.$5Uk
=600  10$aBelisarius,$dca. 505-56.
=653  \1$aBelisario, ca. 505-565.
=655  \7$aChapbooks$zSpain.$2rbgenr
=662  \\$aGreece$2lcsh-naf
=700  1\$aEstivill, Ignacio,$dactive 1816-1852$cactive 1816-1852,$eprinter.$5Uk
=752  \\$aSpain$dBarcelona.
=856  40$uhttp://cudl.lib.cam.ac.uk/view/PR-11450-H-00006-00052$yCambridge Digital Library$zItem no. T52 in 11450.h.6
=856  40$uhttp://cudl.lib.cam.ac.uk/view/PR-11450-F-00026-00021$yCambridge Digital Library$zItem no. T21 in 11450.f.26
=859  \\$aXLD$bCambridge Digital Library
=CAT  \\$aWR14_159$b00$c20141016$lBLL01$h1655
=CAT  \\$aBATCH-UPD$b00$c20141016$lBLL01$h1707
=CAT  \\$aWR14_181$c20150323$lBLL01$h1403
=CAT  \\$aW1606-1753$c20171028$lBLL01$h1604
=SRC  \\$aBLWrongdoing
=LAS  \\$aW1606-1753$b00$c20171028$lBLL01$h1604

