=LDR  02433 am a2200565 a 4500
=001  016893856
=003  Uk
=005  20140602100854.0
=006  m\\\\||\\d\|\\\\\\
=007  cr\|||||||||||
=008  130524q18161852sp\a\\\\o\\\\\000\0\spa\\
=FMT  \\$a  BK
=040  \\$aUkCU$beng$cUkCU$dUk
=100  0\$aM. A. I.$q(Manuel Andrés Igual)
=245  10$aRomance del robo de la virtuosa Dorotea /$cpor D. M.A.I.
=246  17$aHistoria interesante de la virtuosa Dorotea
=260  \\$aCon licencia Barcelona :$bEn la Imprenta de Ignacio Estivill, calle de la Boria,$c[between 1816 and 1852]
=300  \\$a1 online resource
=336  \\$atext$2rdacontent
=337  \\$acomputer$2rdamedia
=338  \\$aonline resources$2rdacarrier
=500  \\$aText printed in two columns.
=500  \\$aIn verse.
=500  \\$aIllustration below title.
=500  \\$aCaption title.
=500  \\$a"D. 15."
=599  \\$aItem no. T24 in volume 11450.f.26.$5Uk
=599  \\$aItem no. T21 in volume 11450.h.5.$5Uk
=599  \\$aItem no. T75 in volume 12330_l_22_v5.$5Uk
=533  \\$aElectronic Reproduction$bLondon$cBritish Library$d2012$nItem no. T24 in volume 11450.f.26.$nItem no. T21 in volume 11450.h.5.$nItem no. T75 in volume 12330_l_22_v5.$5Uk
=650  \0$aBrigands and robbers.
=650  \4$aBandoleros.
=650  \4$aDiego de Acebedo (Fictitious character)
=650  \4$aDorotea Acebedo (Fictitious character)
=653  \1$aDiego de Acebedo (Personaje ficticio)
=653  \1$aDorotea Acebedo (Personaje ficticio)
=655  \7$aChapbooks$zSpain.$2rbgenr.
=662  \\$aSpain$dToledo$2lcsh-naf
=700  1\$aEstivill, Ignacio,$dactive 1816-1852$cactive 1816-1852,$eprinter.$5Uk
=752  \\$aSpain$dBarcelona.
=856  40$uhttp://cudl.lib.cam.ac.uk/view/PR-12330-L-00022-V5-00075$yCambridge Digital Library$zItem no. T75 in 12330_l_22_v5
=856  40$uhttp://cudl.lib.cam.ac.uk/view/PR-11450-H-00005-00021$yCambridge Digital Library$zItem no. T21 in 11450.h.5
=856  40$uhttp://cudl.lib.cam.ac.uk/view/PR-11450-F-00026-00024$yCambridge Digital Library$zItem no. T24 in 11450.f.26
=859  \\$aXLD$bCambridge Digital Library
=CAT  \\$aWR14_159$b00$c20141016$lBLL01$h1655
=CAT  \\$aBATCH-UPD$b00$c20141016$lBLL01$h1707
=CAT  \\$aWR14_181$c20150323$lBLL01$h1403
=CAT  \\$aW1606-1753$c20171028$lBLL01$h1604
=SRC  \\$aBLWrongdoing
=LAS  \\$aW1606-1753$b00$c20171028$lBLL01$h1604

