=LDR  02448 am a2200505 a 4500
=001  016893857
=003  Uk
=005  20140602101052.0
=006  m\\\\||\\d\|\\\\\\
=007  cr\|||||||||||
=008  130524q18161852sp\a\\\\o\\\\\000\0\spa\d
=FMT  \\$a  BK
=040  \\$aUkCU$beng$cUkCU$dUk
=043  \\$ae-sp---
=245  00$aPrincesa Ismenia :$bRomance nuevo y curioso de la princesa Ismenia hermana del gran Turco Osman : en que se declara y dá cuenta de la embajada que envió Osman á nuestro rey de España Felipe Segundo, la respuesta que se le volvió y el fin desesperado que tuvo la princesa Ismenia.
=246  30$aRomance nuevo y curioso de la princesa Ismenia hermana del gran Turco Osman
=260  \\$aBarcelona :$bImprenta de Ignacio Estivill, calle de la Boria,$c[between 1816 and 1852]
=300  \\$a1 online resource
=336  \\$atext$2rdacontent
=337  \\$acomputer$2rdamedia
=338  \\$aonline resources$2rdacarrier
=500  \\$aText printed in two columns.
=500  \\$aIn verse.
=500  \\$aTwo separate illustrations incorporated within title.
=500  \\$aCaption title.
=500  \\$aImprint from colophon.
=599  \\$aItem no. T25 in volume 11450.f.26.$5Uk
=599  \\$aItem no. T121 in volume 12330_l_22_v5.$5Uk
=533  \\$aElectronic Reproduction$bLondon$cBritish Library$d2012$nItem no. T25 in volume 11450.f.26.$nItem no. T121 in volume 12330_l_22_v5.$5Uk
=600  00$aOsman$bII,$cSultan of the Turks,$d1603-1622$vFiction.
=600  04$aOsman$bII,$cSultan de los Turcos,$d1603-1622$vFicción.
=651  \0$aSpain$xHistory$yHouse of Austria, 1516-1700$vFiction.
=651  \4$aEspaña$xHistoria$yCasa de Austria, 1516-1700$vFicción.
=655  \7$aChapbooks$zSpain.$2rbgenr
=700  1\$aEstivill, Ignacio,$dactive 1816-1852$cactive 1816-1852,$eprinter.$5Uk
=752  \\$aSpain$dBarcelona.
=856  40$uhttp://cudl.lib.cam.ac.uk/view/PR-12330-L-00022-V5-00121$yCambridge Digital Library$zItem no. T121 in 12330_l_22_v5
=856  40$uhttp://cudl.lib.cam.ac.uk/view/PR-11450-F-00026-00025$yCambridge Digital Library$zItem no. T25 in 11450.f.26
=859  \\$aXLD$bCambridge Digital Library
=CAT  \\$aWR14_159$b00$c20141016$lBLL01$h1655
=CAT  \\$aBATCH-UPD$b00$c20141016$lBLL01$h1707
=CAT  \\$aWR14_181$c20150323$lBLL01$h1403
=CAT  \\$aW1606-1753$c20171028$lBLL01$h1604
=SRC  \\$aBLWrongdoing
=LAS  \\$aW1606-1753$b00$c20171028$lBLL01$h1604

