=LDR  02461 am a2200481 a 4500
=001  016893870
=003  Uk
=005  20130906145856.0
=006  m\\\\||\\d\|\\\\\\
=007  cr\|||||||||||
=008  130524q18221861sp\a\\\\o\\\\\000\0\spa\d
=FMT  \\$a  BK
=040  \\$aUkCU$beng$cUkCU$dUk
=043  \\$ae-sp---
=100  1\$aColmenares de Luna, Saturnino.
=245  10$aCurioso dialogo instructivo entre don G. de Salas y don Saturnino Colmenares de Luna, en el que se hace una pintura fiel y libre de toda parcialidad el carácter de los naturales de las varias provincias de España, protestando su autor que la verdadera intencion y sentido de esta composicion no es ciertamente insultar, ni motejar á ninguna provincia, sino tan solo reunir en medio pliego de papel impreso la mayor parte de las zumbas y chanzonetas, que unas provincias se dan á otras, con las antiguas y festivas matracas que todos conocemos /$cescrito por el mismo don Saturnino, arriba indicado.
=260  \\$aBarcelona :$bImprenta de I. Estivill, calle de la Boria,$c[between 1822 and 1861?]
=300  \\$a1 online resource
=336  \\$atext$2rdacontent
=337  \\$acomputer$2rdamedia
=338  \\$aonline resources$2rdacarrier
=500  \\$aText printed in two columns.
=500  \\$aIn verse.
=500  \\$aIllustration at head of title.
=500  \\$aCaption title.
=500  \\$aImprint from colophon.
=599  \\$aItem no. T38 in volume 11450.f.26.$5Uk
=599  \\$aItem no. T77 in volume 12330.l.10.$5Uk
=533  \\$aElectronic Reproduction$bLondon$cBritish Library$d2012$nItem no. T38 in volume 11450.f.26.$nItem no. T77 in volume 12330.l.10.$5Uk
=650  \0$aNational characteristics, Spanish.
=650  \0$aSpanish autonomous communities.
=650  \4$aComunidades autónomas españolas.
=653  \0$aCaracterísticas nacionales españolas.
=655  \7$aChapbooks$zSpain.$2rbgenr
=752  \\$aSpain$dBarcelona.
=856  40$uhttp://cudl.lib.cam.ac.uk/view/PR-12330-L-00010-00077$yCambridge Digital Library$zItem no. T77 in 12330.l.10
=856  40$uhttp://cudl.lib.cam.ac.uk/view/PR-11450-F-00026-00038$yCambridge Digital Library$zItem no. T38 in 11450.f.26
=859  \\$aXLD$bCambridge Digital Library
=CAT  \\$aWR14_159$b00$c20141016$lBLL01$h1655
=CAT  \\$aWR14_181$c20150323$lBLL01$h1403
=CAT  \\$aW1606-1753$c20171028$lBLL01$h1604
=SRC  \\$aBLWrongdoing
=LAS  \\$aW1606-1753$b00$c20171028$lBLL01$h1604

