=LDR  02124 am a2200553 a 4500
=001  016893881
=003  Uk
=005  20140602101545.0
=006  m\\\\||\\d\|\\\\\\
=007  cr\|||||||||||
=008  130524q18161852sp\a\\\\o\\\\\000\0\spa\d
=FMT  \\$a  BK
=040  \\$aUkCU$beng$cUkCU$dUk
=245  00$aLaura de Florencia, o sea, La mala madastra [i.e. madrastra].
=246  30$aMala madastra
=246  30$aMala madrastra
=260  \\$aBarcelona :$bImprenta de Ignacio Estivill,$c[between 1816 and 1852]
=300  \\$a1 online resource
=336  \\$atext$2rdacontent
=337  \\$acomputer$2rdamedia
=338  \\$aonline resources$2rdacarrier
=500  \\$aText printed in two columns.
=500  \\$aIn verse.
=500  \\$aThree separate illustrations at head of title.
=500  \\$aCaption title.
=500  \\$aImprint from colophon.
=599  \\$aItem no. T49 in volume 11450.f.26.$5Uk
=599  \\$aItem no. T115 in volume 12330_l_22_v5.$5Uk
=533  \\$aElectronic Reproduction$bLondon$cBritish Library$d2012$nItem no. T49 in volume 11450.f.26.$nItem no. T115 in volume 12330_l_22_v5.$5Uk
=650  \0$aStepmothers.
=650  \0$aFathers and sons.
=650  \0$aJudgment of God.
=650  \0$aChristianity and justice.
=650  \4$aMadrastras.
=650  \4$aPadres e hijos.
=653  \0$aJusticia divina.
=655  \7$aChapbooks$zSpain.$2rbgenr
=662  \\$aItaly$dFlorence$2lcsh-naf
=700  1\$aEstivill, Ignacio,$dactive 1816-1852$cactive 1816-1852,$eprinter.$5Uk
=752  \\$aSpain$dBarcelona.
=856  40$uhttp://cudl.lib.cam.ac.uk/view/PR-12330-L-00022-V5-00115$yCambridge Digital Library$zItem no. T115 in 12330_l_22_v5
=856  40$uhttp://cudl.lib.cam.ac.uk/view/PR-11450-F-00026-00049$yCambridge Digital Library$zItem no. T49 in 11450.f.26
=859  \\$aXLD$bCambridge Digital Library
=CAT  \\$aWR14_159$b00$c20141016$lBLL01$h1655
=CAT  \\$aBATCH-UPD$b00$c20141016$lBLL01$h1708
=CAT  \\$aWR14_181$c20150323$lBLL01$h1403
=CAT  \\$aW1606-1753$c20171028$lBLL01$h1604
=SRC  \\$aBLWrongdoing
=LAS  \\$aW1606-1753$b00$c20171028$lBLL01$h1604

