=LDR  02087 am a2200505 a 4500
=001  016893886
=003  Uk
=005  20130613173615.0
=006  m\\\\||\\d\|\\\\\\
=007  cr\|||||||||||
=008  130531q18221861sp\a\\\\o\\\\\000\0\spa\d
=FMT  \\$a  BK
=040  \\$aUkCU$beng$cUkCU$dUk
=245  00$aRomance nuevo de don Rodrigo del Pomar, trocado en la cuna con el hijo del verdugo de Cartajena, y de los varios acontecimientos que resultaron del mencionado trueque.
=260  \\$aBarcelona :$bImprenta de I. Estivill, calle de la Boria,$c[between 1822 and 1861?]
=300  \\$a1 online resource
=336  \\$atext$2rdacontent
=337  \\$acomputer$2rdamedia
=338  \\$aonline resources$2rdacarrier
=500  \\$aText printed in two columns.
=500  \\$aIllustration at head of title.
=500  \\$aIn verse.
=500  \\$aCaption title.
=500  \\$aImprint from colophon.
=599  \\$aItem no. T54 in volume 11450.f.26.$5Uk
=599  \\$aItem no. T21 in volume 11450.f.27.$5Uk
=533  \\$aElectronic Reproduction$bLondon$cBritish Library$d2012$nItem no. T54 in volume 11450.f.26.$nItem no. T21 in volume 11450.f.27.$5Uk
=650  \4$aRodrigo del Pomar (Fictitious character)
=650  \0$aMistaken identity.
=650  \0$aInfants switched at birth.
=650  \4$aFalsificación de identidad.
=650  \4$aInfantes cambiados al nacer.
=653  \1$aRodrigo del Pomar (Personaje ficticio)
=653  \0$aVerdugos.
=662  \\$aSpain$dCartagena$2lcsh-naf
=662  \\$aItaly$dRome$2lcsh-naf
=752  \\$aSpain$dBarcelona.
=856  40$uhttp://cudl.lib.cam.ac.uk/view/PR-11450-F-00027-00021$yCambridge Digital Library$zItem no. T21 in 11450.f.27
=856  40$uhttp://cudl.lib.cam.ac.uk/view/PR-11450-F-00026-00054$yCambridge Digital Library$zItem no. T54 in 11450.f.26
=859  \\$aXLD$bCambridge Digital Library
=CAT  \\$aWR14_159$b00$c20141016$lBLL01$h1655
=CAT  \\$aWR14_181$c20150323$lBLL01$h1403
=CAT  \\$aW1606-1753$c20171028$lBLL01$h1604
=SRC  \\$aBLWrongdoing
=LAS  \\$aW1606-1753$b00$c20171028$lBLL01$h1604

