=LDR  02557 am a2200577 a 4500
=001  016893889
=003  Uk
=005  20140602102917.0
=006  m\\\\||\\d\|\\\\\\
=007  cr\|||||||||||
=008  130531q18161852sp\a\\\\o\\\\\000\0\spa\d
=FMT  \\$a  BK
=040  \\$aUkCU$beng$cUkCU$dUk
=245  04$aLos asesinos de Gualva :$bCancion nueva que contiene gran parte de las atrocidades que cometieron en varios puntos de Cataluña los hermanos Xalets, que acaban de sufrir la pena de garrote vil en la ciudad de Barcelona, el dia 12 de octubre de 1840.
=246  30$aCancion nueva que contiene gran parte de las atrocidades que cometieron en varios puntos de Cataluña los hermanos Xalets
=246  30$aHermanos Xalets
=260  \\$aBarcelona :$bImprenta de Ignacio Estivill, calle de la Boria,$c[between 1816 and 1852]
=300  \\$a1 online resource
=336  \\$atext$2rdacontent
=337  \\$acomputer$2rdamedia
=338  \\$aonline resources$2rdacarrier
=500  \\$aText printed in two columns.
=500  \\$aIn verse.
=500  \\$aIllustration incorporated within title.
=500  \\$aCaption title.
=500  \\$aImprint from colophon.
=599  \\$aItem no. T57 in volume 11450.f.26.$5Uk
=599  \\$aItem no. T12 in volume 12330.l.10.$5Uk
=599  \\$aLibrary copy has pages 3-4 misbound.$5Uk
=533  \\$aElectronic Reproduction$bLondon$cBritish Library$d2012$nItem no. T57 in volume 11450.f.26.$nItem no. T12 in volume 12330.l.10.$nLibrary copy has pages 3-4 misbound.$5Uk
=650  \0$aBrigands and robbers.
=650  \0$aViolent crimes.
=650  \0$aCapital punishment.
=650  \4$aBandoleros.
=650  \4$aDelitos violentos.
=650  \4$aAsesinato.
=650  \4$aPena de muerte.
=655  \7$aChapbooks$zSpain.$2rbgenr
=662  \\$aSpain$bCatalonia 2 lcsh-naf
=662  \\$aSpain$dBarcelona$2lcsh-naf
=700  1\$aEstivill, Ignacio,$dactive 1816-1852$cactive 1816-1852,$eprinter.$5Uk
=752  \\$aSpain$dBarcelona.
=856  40$uhttp://cudl.lib.cam.ac.uk/view/PR-12330-L-00010-00012$yCambridge Digital Library$zItem no. T12 in 12330.l.10
=856  40$uhttp://cudl.lib.cam.ac.uk/view/PR-11450-F-00026-00057$yCambridge Digital Library$zItem no. T57 in 11450.f.26
=859  \\$aXLD$bCambridge Digital Library
=CAT  \\$aWR14_159$b00$c20141016$lBLL01$h1655
=CAT  \\$aBATCH-UPD$b00$c20141016$lBLL01$h1708
=CAT  \\$aWR14_181$c20150323$lBLL01$h1403
=CAT  \\$aW1606-1753$c20171028$lBLL01$h1604
=SRC  \\$aBLWrongdoing
=LAS  \\$aW1606-1753$b00$c20171028$lBLL01$h1604

