=LDR  02657 am a2200541 a 4500
=001  016893907
=003  Uk
=005  20140602102407.0
=006  m\\\\||\\d\|\\\\\\
=007  cr\|||||||||||
=008  130612s18161852sp\a\\\\o\\\\\000\0\spa\\
=FMT  \\$a  BK
=040  \\$aUkCU$beng$cUkCU$dUk
=245  03$aEl cautivo de Gerona :$bNueva relacion y copia de una carta que escribió un hijo á su padre, en que le dió á entender los tormentos que padecia en su cautíverio en la ciudad de Argel : como lo verá el curioso lector : primera parte.
=246  30$aNueva relacion y copia de una carta que escribió un hijo á su padre
=260  \\$aBarcelona :$bEn la Imprenta de Ignacio Estivill, calle de la Boria,$c[between 1816 and 1852]
=300  \\$a1 online resource
=336  \\$atext$2rdacontent
=337  \\$acomputer$2rdamedia
=338  \\$aonline resources$2rdacarrier
=500  \\$aText printed in two columns.
=500  \\$aIn verse.
=500  \\$aThree separate illustrations at head of title.
=500  \\$aCaption title.
=500  \\$aImprint from colophon.
=500  \\$a"A la fin vá añadido un Romance á una negra señora en alabanza á un negro."
=500  \\$aIn two parts. Part two has title: "Segunda parte: Respuesta que envió el padre á su hijo, consolándolo en sus trabajos y de la forma que fuè rescatado."
=599  \\$aItem no. T75 in volume 11450.f.26.$5Uk
=599  \\$aItem no. T111 in volume 12330_l_22_v5.$5Uk
=533  \\$aElectronic Reproduction$bLondon$cBritish Library$d2012$nItem no. T75 in volume 11450.f.26.$nItem no. T111 in volume 12330_l_22_v5.$5Uk
=650  \0$aFathers and sons.
=650  \4$aPadres e hijos.
=650  \4$aCautivos.
=655  \7$aChapbooks$zSpain.$2rbgenr
=662  \\$aSpain$dGerona$2lcsh-naf
=662  \\$aAlgeria$2lcsh-naf
=700  1\$aEstivill, Ignacio,$dactive 1816-1852$cactive 1816-1852,$eprinter.$5Uk
=740  02$aRespuesta que envió el padre á su hijo, consolándolo en sus trabajos y de la forma que fuè rescatado.
=752  \\$aSpain$dBarcelona.
=856  40$uhttp://cudl.lib.cam.ac.uk/view/PR-12330-L-00022-V5-00111$yCambridge Digital Library$zItem no. T111 in 12330_l_22_v5
=856  40$uhttp://cudl.lib.cam.ac.uk/view/PR-11450-F-00026-00075$yCambridge Digital Library$zItem no. T75 in 11450.f.26
=859  \\$aXLD$bCambridge Digital Library
=CAT  \\$aWR14_159$b00$c20141016$lBLL01$h1655
=CAT  \\$aBATCH-UPD$b00$c20141016$lBLL01$h1708
=CAT  \\$aWR14_181$c20150323$lBLL01$h1403
=CAT  \\$aW1606-1753$c20171028$lBLL01$h1604
=SRC  \\$aBLWrongdoing
=LAS  \\$aW1606-1753$b00$c20171028$lBLL01$h1604

