=LDR  02164 am a2200481 a 4500
=001  016893914
=003  Uk
=005  20131211154107.0
=006  m\\\\||\\d\|\\\\\\
=007  cr\|||||||||||
=008  130613q18301840sp\a\\\\o\\\\\000\0\cat\d
=FMT  \\$a  BK
=040  \\$aUkCU$beng$cUkCU$dUk
=245  00$aRelació molt curiosa en versos cataláns, imitan lo estil del celebre Robreño, de dos casats del dia nomenáts en Ramon y la Janeta, junt ab lo cortex del senyor Feliu :$ben esta relació se fan veurer las manyas de las donas, las tonterias dels baboyas y lo bestialisme de molts marits : obrite oculorum vestrorum animalium cortejorum /$cescrita per lo reverendissim Panxaplena y Fa-bullicia natural de la seva terra.
=260  \\$aSe ben en Barcelona :$bEn la llibreria de Pera Maimó, carré dels Mercaders,$c[between 1830 and 1840]
=300  \\$a1 online resource
=336  \\$atext$2rdacontent
=337  \\$acomputer$2rdamedia
=338  \\$aonline resources$2rdacarrier
=500  \\$aText printed in two columns.
=500  \\$aIn verse.
=500  \\$aIllustration at head of title.
=500  \\$aCaption title.
=500  \\$aImprint from colophon.
=599  \\$aItem no. T5 in volume 11450.f.27.$5Uk
=599  \\$aItem no. T45 in volume 11450.h.5.$5Uk
=533  \\$aElectronic Reproduction$bLondon$cBritish Library$d2012$nItem no. T5 in volume 11450.f.27.$nItem no. T45 in volume 11450.h.5.$5Uk
=650  \0$aCouples.
=650  \0$aHusbands.
=650  \0$aWives.
=650  \0$aParejas.
=650  \4$aMaridos.
=650  \4$aEsposas.
=655  \7$aChapbooks$zSpain.$2rbgenr
=752  \\$aSpain$dBarcelona.
=856  40$uhttp://cudl.lib.cam.ac.uk/view/PR-11450-H-00005-00045$yCambridge Digital Library$zItem no. T45 in 11450.h.5
=856  40$uhttp://cudl.lib.cam.ac.uk/view/PR-11450-F-00027-00005$yCambridge Digital Library$zItem no. T5 in 11450.f.27
=859  \\$aXLD$bCambridge Digital Library
=CAT  \\$aWR14_159$b00$c20141016$lBLL01$h1655
=CAT  \\$aWR14_181$c20150323$lBLL01$h1403
=CAT  \\$aW1606-1753$c20171028$lBLL01$h1604
=SRC  \\$aBLWrongdoing
=LAS  \\$aW1606-1753$b00$c20171028$lBLL01$h1604

