=LDR  02517 am a2200577 a 4500
=001  016893939
=003  Uk
=005  20140602100317.0
=006  m\\\\||\\d\|\\\\\\
=007  cr\|||||||||||
=008  130621q18161852sp\a\\\\o\\\\\000\0\spa\d
=FMT  \\$a  BK
=040  \\$aUkCU$beng$cUkCU$dUk
=245  00$aValor y virtud de una madre :$bNueva historia en que se refiere que una jòven musulmana prefirió ser espectadora del terrible degüello de un hijo suyo chiquito antes que cometer traicion conyugal, teniendo despues bastante valor para vengar la injuria de su hijo cortando la cabeza al árabe pérfido infanticida.
=246  30$aNueva historia en que se refiere que una jòven musulmana prefirió ser espectadora del terrible degüello de un hijo suyo
=260  \\$aBarcelona :$bImprenta de Ignacio Estivill,$c[between 1816 and 1852?]
=300  \\$a1 online resource
=336  \\$atext$2rdacontent
=337  \\$acomputer$2rdamedia
=338  \\$aonline resources$2rdacarrier
=500  \\$aText printed in two columns.
=500  \\$aIn verse.
=500  \\$aTwo separate illustrations incorporated within title.
=500  \\$aCaption title.
=500  \\$aImprint from colophon.
=599  \\$aItem no. T30 in volume 11450.f.27.$5Uk
=599  \\$aItem no. T13 in volume 12330.l.10.$5Uk
=533  \\$aElectronic Reproduction$bLondon$cBritish Library$d2012$nItem no. T30 in volume 11450.f.27.$nItem no. T13 in volume 12330.l.10.$5Uk
=650  \0$aInfanticide.
=650  \0$aMuslim women.
=650  \0$aAtrocities.
=650  \0$aRevenge.
=650  \0$aMothers and sons.
=650  \4$aInfanticidio.
=650  \0$aMujeres musulmanas.
=650  \4$aAtrocidades.
=650  \4$aVenganza.
=650  \4$aMadres e hijos.
=655  \7$aChapbooks$zSpain.$2rbgenr
=662  \\$aTurkey$2lcsh-naf
=700  1\$aEstivill, Ignacio,$dactive 1816-1852$cactive 1816-1852,$eprinter.$5Uk
=752  \\$aSpain$dBarcelona.
=856  40$uhttp://cudl.lib.cam.ac.uk/view/PR-12330-L-00010-00013$yCambridge Digital Library$zItem no. T13 in 12330.l.10
=856  40$uhttp://cudl.lib.cam.ac.uk/view/PR-11450-F-00027-00030$yCambridge Digital Library$zItem no. T30 in 11450.f.27
=859  \\$aXLD$bCambridge Digital Library
=CAT  \\$aWR14_159$b00$c20141016$lBLL01$h1655
=CAT  \\$aBATCH-UPD$b00$c20141016$lBLL01$h1708
=CAT  \\$aWR14_181$c20150323$lBLL01$h1403
=CAT  \\$aW1606-1753$c20171028$lBLL01$h1604
=SRC  \\$aBLWrongdoing
=LAS  \\$aW1606-1753$b00$c20171028$lBLL01$h1604

