=LDR  02176 am a2200505 a 4500
=001  016893944
=003  Uk
=005  20140221172258.0
=006  m\\\\||\\d\|\\\\\\
=007  cr\|||||||||||
=008  130621s1851\\\\sp\a\\\\o\\\\\000\0\spa\d
=FMT  \\$a  BK
=040  \\$aUkCU$beng$cUkCU$dUk
=245  00$aColeccion de canciones pastoriles :$bpoesia para cantar en las Pascuas de Navidad.
=246  30$aPoesia para cantar en las Pascuas de Navidad
=260  \\$aBarcelona :$bImprenta de I. Estivill, Conde Asalto, 65,$c1851.
=300  \\$a1 online resource
=336  \\$atext$2rdacontent
=337  \\$acomputer$2rdamedia
=338  \\$aonline resources$2rdacarrier
=500  \\$aText printed in two columns.
=500  \\$aIn verse.
=500  \\$aIllustration incorporated within title.
=500  \\$aCaption title.
=500  \\$aImprint from colophon.
=500  \\$a"Poesía dedicada al nacimiento del Redentor del mundo": p. [2].
=599  \\$aItem no. T35 in volume 11450.f.27.$5Uk
=599  \\$aItem no. T11 in volume 12330_l_22_v5.$5Uk
=599  \\$a12330_l_22_v5: The pliego, consisting of 4 pages, appears in duplicate.$5Uk
=533  \\$aElectronic Reproduction$bLondon$cBritish Library$d2012$nItem no. T35 in volume 11450.f.27.$nItem no. T11 in volume 12330_l_22_v5.$n12330_l_22_v5: The pliego, consisting of 4 pages, appears in duplicate.$5Uk
=650  \0$aSongs, Spanish$xTexts.
=650  \0$aCarols.
=650  \4$aVillancicos.
=653  \0$aCanciones españolas--Textos.
=655  \7$aChapbooks$zSpain.$2rbgenr
=740  02$aPoesía dedicada al nacimiento del Redentor del mundo.
=752  \\$aSpain$dBarcelona.
=856  40$uhttp://cudl.lib.cam.ac.uk/view/PR-12330-L-00022-V5-00011$yCambridge Digital Library$zItem no. T11 in 12330_l_22_v5
=856  40$uhttp://cudl.lib.cam.ac.uk/view/PR-11450-F-00027-00035$yCambridge Digital Library$zItem no. T35 in 11450.f.27
=859  \\$aXLD$bCambridge Digital Library
=CAT  \\$aWR14_159$b00$c20141016$lBLL01$h1656
=CAT  \\$aWR14_181$c20150323$lBLL01$h1403
=CAT  \\$aW1606-1753$c20171028$lBLL01$h1604
=SRC  \\$aBLWrongdoing
=LAS  \\$aW1606-1753$b00$c20171028$lBLL01$h1604

