=LDR  02208 am a2200541 a 4500
=001  016893947
=003  Uk
=005  20140602102333.0
=006  m\\\\||\\d\|\\\\\\
=007  cr\|||||||||||
=008  130621s1854\\\\sp\a\\\\o\\\\\000\0\cat\d
=FMT  \\$a  BK
=040  \\$aUkCU$beng$cUkCU$dUk
=041  0\$acat$aspa
=245  00$aCoblas per cantar a las minyonas en temps de camilleras.
=260  \\$aBarcelona :$bImprenta de Ignacio Estivill,$caño 1854.
=300  \\$a1 online resource
=336  \\$atext$2rdacontent
=337  \\$acomputer$2rdamedia
=338  \\$aonline resources$2rdacarrier
=500  \\$aText chiefly printed in two columns.
=500  \\$aIn verse.
=500  \\$aThree separate illustrations at head of title; additional illustration at head of p. [3].
=500  \\$aCaption title.
=500  \\$aImprint from colophon.
=500  \\$a"A la divina pastora de las almas": p. [3-4].
=500  \\$a"Suplicacion": p. [4].
=599  \\$aItem no. T38 in volume 11450.f.27.$5Uk
=599  \\$aItem no. T56 in volume 12330_l_22_v5.$5Uk
=533  \\$aElectronic Reproduction$bLondon$cBritish Library$d2012$nItem no. T38 in volume 11450.f.27.$nItem no. T56 in volume 12330_l_22_v5.$5Uk
=650  \0$aSongs, Catalan$vTexts.
=650  \0$aDevotional literature, Spanish.
=650  \4$aLiteratura española devocional.
=653  \0$aCanciones catalanas--Textos.
=655  \7$aChapbooks$zSpain.$2rbgenr
=700  1\$aEstivill, Ignacio,$dactive 1816-1852$cactive 1816-1852,$eprinter.$5Uk
=740  02$aA la divina pastora de las almas.
=740  02$aSuplicacion.
=752  \\$aSpain$dBarcelona.
=856  40$uhttp://cudl.lib.cam.ac.uk/view/PR-12330-L-00022-V5-00056$yCambridge Digital Library$zItem no. T56 in 12330_l_22_v5
=856  40$uhttp://cudl.lib.cam.ac.uk/view/PR-11450-F-00027-00038$yCambridge Digital Library$zItem no. T38 in 11450.f.27
=859  \\$aXLD$bCambridge Digital Library
=CAT  \\$aWR14_159$b00$c20141016$lBLL01$h1656
=CAT  \\$aBATCH-UPD$b00$c20141016$lBLL01$h1708
=CAT  \\$aWR14_181$c20150323$lBLL01$h1403
=CAT  \\$aW1606-1753$c20171028$lBLL01$h1604
=SRC  \\$aBLWrongdoing
=LAS  \\$aW1606-1753$b00$c20171028$lBLL01$h1604

