=LDR  01985 am a2200493 a 4500
=001  016893949
=003  Uk
=005  20140602101702.0
=006  m\\\\||\\d\|\\\\\\
=007  cr\|||||||||||
=008  130621s1854\\\\sp\a\\\\o\\\\\000\0\spa\d
=FMT  \\$a  BK
=040  \\$aUkCU$beng$cUkCU$dUk
=245  00$aHorrorosos asesinatos cometidos en el pueblo de Almostér en la casa del alcalde D. José Llavat y su sentencia.
=260  \\$aBarcelona :$bImprenta de Ignacio Estivill,$caño 1854.
=300  \\$a1 online resource
=336  \\$atext$2rdacontent
=337  \\$acomputer$2rdamedia
=338  \\$aonline resources$2rdacarrier
=500  \\$aText printed in two columns.
=500  \\$aIn verse.
=500  \\$aIllustration at head of title; additional illustration at end of p. [4].
=500  \\$aCaption title.
=500  \\$aImprint from colophon.
=599  \\$aItem no. T40 in volume 11450.f.27.$5Uk
=599  \\$aItem no. T58 in volume 12330.l.8.$5Uk
=533  \\$aElectronic Reproduction$bLondon$cBritish Library$d2012$nItem no. T40 in volume 11450.f.27.$nItem no. T58 in volume 12330.l.8.$5Uk
=650  \0$aAssassination.
=650  \0$aMayors.
=650  \4$aAsesinato.
=650  \4$aAlcaldes.
=655  \7$aChapbooks$zSpain.$2rbgenr
=662  \\$aSpain$dReus$2lcsh-naf
=700  1\$aEstivill, Ignacio,$dactive 1816-1852$cactive 1816-1852,$eprinter.$5Uk
=752  \\$aSpain$dBarcelona.
=856  40$uhttp://cudl.lib.cam.ac.uk/view/PR-12330-L-00008-00058$yCambridge Digital Library$zItem no. T58 in 12330.l.8
=856  40$uhttp://cudl.lib.cam.ac.uk/view/PR-11450-F-00027-00040$yCambridge Digital Library$zItem no. T40 in 11450.f.27
=859  \\$aXLD$bCambridge Digital Library
=CAT  \\$aWR14_159$b00$c20141016$lBLL01$h1656
=CAT  \\$aBATCH-UPD$b00$c20141016$lBLL01$h1708
=CAT  \\$aWR14_181$c20150323$lBLL01$h1403
=CAT  \\$aW1606-1753$c20171028$lBLL01$h1604
=SRC  \\$aBLWrongdoing
=LAS  \\$aW1606-1753$b00$c20171028$lBLL01$h1604

