=LDR  02422 am a2200505 a 4500
=001  016893980
=003  Uk
=005  20140602094836.0
=006  m\\\\||\\d\|\\\\\\
=007  cr\|||||||||||
=008  130705s1857\\\\sp\a\\\\o\\\\\000\0\spa\d
=FMT  \\$a  BK
=040  \\$aUkCU$beng$cUkCU$dUk
=245  00$aEl milagro de San Antonio del doblon :$bCuriosa relacion en la que se declara y da cuenta de lo que le sucedió á un caballero natural de Jerez, á quien informaron falsamente de que su esposa le era infiel, y como por la intercesion de San Antonio de Padua se vieron protegidos y libres de tan infame calumnia : primera parte.
=246  30$aCuriosa relacion en la que se declara y da cuenta de lo que le sucedió á un caballero natural de Jerez
=260  \\$aReimpreso en Barcelona :$bEn casa Juan Llorens, calle de la Palma de Sta. Catalina,$c1858$f(Imprenta de José Tauló, calle de la Tapineria, n.° 58)
=300  \\$a1 online resource
=336  \\$atext$2rdacontent
=337  \\$acomputer$2rdamedia
=338  \\$aonline resources$2rdacarrier
=500  \\$aText printed in two columns.
=500  \\$aIn verse.
=500  \\$aTwo separate illustrations at head of title.
=500  \\$aCaption title.
=500  \\$aImprint from colophon.
=500  \\$aIn two parts.
=599  \\$aItem no. T71 in volume 11450.f.27.$5Uk
=599  \\$aItem no. T47 in volume 12330.l.8.$5Uk
=533  \\$aElectronic Reproduction$bLondon$cBritish Library$d2012$nItem no. T71 in volume 11450.f.27.$nItem no. T47 in volume 12330.l.8.$5Uk
=600  00$aAnthony,$cof Padua, Saint,$d1195-1231$xMiracles.
=650  \0$aAdultery.
=650  \4$aAdulterio.
=653  \1$aSan Antonio de Padua, 1195-1231--Milagros.
=655  \7$aChapbooks$zSpain.$2rbgenr
=662  \\$aSpain$dJerez de la Frontera$2lcsh-naf
=752  \\$aSpain$dBarcelona.
=856  40$uhttp://cudl.lib.cam.ac.uk/view/PR-12330-L-00008-00047$yCambridge Digital Library$zItem no. T47 in 12330.l.8
=856  40$uhttp://cudl.lib.cam.ac.uk/view/PR-11450-F-00027-00071$yCambridge Digital Library$zItem no. T71 in 11450.f.27
=859  \\$aXLD$bCambridge Digital Library
=CAT  \\$aWR14_159$b00$c20141016$lBLL01$h1656
=CAT  \\$aBATCH-UPD$b00$c20141016$lBLL01$h1708
=CAT  \\$aWR14_181$c20150323$lBLL01$h1403
=CAT  \\$aW1606-1753$c20171028$lBLL01$h1604
=SRC  \\$aBLWrongdoing
=LAS  \\$aW1606-1753$b00$c20171028$lBLL01$h1604

