=LDR  02837 am a2200589 a 4500
=001  016894018
=003  Uk
=005  20131205181312.0
=006  m\\\\||\\d\|\\\\\\
=007  cr\|||||||||||
=008  130718q18191900sp\a\\\\o\\\\\000\0\spa\d
=FMT  \\$a  BK
=040  \\$aUkCU$beng$cUkCU$dUk
=245  00$aPrimera parte en que se declara la maldad que ha ejecutado Lorenzo de Tejado, dando muerte á su muger y cuatro hijos :$bcon lo demas que verá el lector.
=246  30$aEn que se declara la maldad que ha ejecutado Lorenzo de Tejado
=260  \\$aValladolid :$bImprenta de Santaren,$c[between 1819 and 1900?]
=300  \\$a1 online resource
=336  \\$atext$2rdacontent
=337  \\$acomputer$2rdamedia
=338  \\$aonline resources$2rdacarrier
=500  \\$aText printed in two columns.
=500  \\$aIn verse.
=500  \\$aIllustration at head of title; second part with additional illustration at head of title.
=500  \\$aCaption title.
=500  \\$aImprint from colophon.
=500  \\$aIn two parts. Part two has title: "Segunda parte en que se prosigue la trágica historia de la maldad y cruelísimo atrevimiento con que Lorenzo de Tejado ejecutó las muertes de la muger é hijos y como alcanzó el perdon de Dios y de la justicia por la intercesion de María Santísima, como mas largamente lo verá el curioso."
=500  \\$a"(Núm. 10.)"
=500  \\$aItem 116 in volume 1074.g.24 lacks serial number.
=599  \\$aItem no. T12 in volume 11451.ee.39.$5Uk
=599  \\$aItem no. T116 in volume 1074.g.24.$5Uk
=533  \\$aElectronic Reproduction$bLondon$cBritish Library$d2012$nItem no. T12 in volume 11451.ee.39.$nItem no. T116 in volume 1074.g.24.$5Uk
=650  \4$aLorenzo de Tejado (Fictitious character)
=650  \0$aAtrocities.
=650  \0$aAssassination.
=650  \0$aInfanticide.
=650  \4$aAsesinato.
=650  \4$aAtrocidades.
=650  \4$aInfanticidio.
=650  \4$aDiablo.
=653  \1$aLorenzo de Tejado (Personaje ficticio)
=655  \7$aChapbooks$zSpain.$2rbgenr
=662  \\$aSpain$dLeón$2lcsh-naf
=740  02$aSegunda parte en que se prosigue la trágica historia de la maldad y cruelísimo atrevimiento con que Lorenzo de Tejado ejecutó las muertes de la muger é hijos.
=752  \\$aSpain$dValladolid.
=856  40$uhttp://cudl.lib.cam.ac.uk/view/PR-01074-G-00024-00116$yCambridge Digital Library$zItem no. T116 in 1074.g.24
=856  40$uhttp://cudl.lib.cam.ac.uk/view/PR-11451-EE-00039-00012$yCambridge Digital Library$zItem no. T12 in 11451.ee.39
=859  \\$aXLD$bCambridge Digital Library
=CAT  \\$aWR14_159$b00$c20141016$lBLL01$h1656
=CAT  \\$aWR14_181$c20150323$lBLL01$h1403
=CAT  \\$aW1606-1753$c20171028$lBLL01$h1604
=SRC  \\$aBLWrongdoing
=LAS  \\$aW1606-1753$b00$c20171028$lBLL01$h1604

