=LDR  01943 am a2200493 a 4500
=001  016894027
=003  Uk
=005  20131205182333.0
=006  m\\\\||\\d\|\\\\\\
=007  cr\|||||||||||
=008  130719q18191900sp\a\\\\o\\\\\000\0\spa\d
=FMT  \\$a  BK
=040  \\$aUkCU$beng$cUkCU$dUk
=245  03$aEl burlador de Sevilla y Convidado de piedra :$bprimera parte.
=246  30$aConvidado de piedra
=260  \\$aValladolid :$bImprenta de Fernando Santaren,$c[between 1819 and 1900?]
=300  \\$a1 online resource
=336  \\$atext$2rdacontent
=337  \\$acomputer$2rdamedia
=338  \\$aonline resources$2rdacarrier
=500  \\$aText printed in two columns.
=500  \\$aIn verse.
=500  \\$aTwo separate illustrations at head of title.
=500  \\$aCaption title.
=500  \\$aImprint from colophon.
=500  \\$aIn two parts.
=500  \\$a"(Núm. 69.)"
=500  \\$aItem T118 in volume 1074.g.24 lacks serial number.
=599  \\$aItem no. T22 in volume 11451.ee.39.$5Uk
=599  \\$aItem no. T118 in volume 1074.g.24.$5Uk
=533  \\$aElectronic Reproduction$bLondon$cBritish Library$d2012$nItem no. T22 in volume 11451.ee.39.$nItem no. T118 in volume 1074.g.24.$5Uk
=650  \0$aDon Juan (Legendary character)
=650  \4$aDon Juan (Personaje legendario)
=655  \7$aChapbooks$zSpain.$2rbgenr
=662  \\$aSpain$dSeville$2lcsh-naf
=752  \\$aSpain$dValladolid.
=856  40$uhttp://cudl.lib.cam.ac.uk/view/PR-01074-G-00024-00118$yCambridge Digital Library$zItem no. T118 in 1074.g.24
=856  40$uhttp://cudl.lib.cam.ac.uk/view/PR-11451-EE-00039-00022$yCambridge Digital Library$zItem no. T22 in 11451.ee.39
=859  \\$aXLD$bCambridge Digital Library
=CAT  \\$aWR14_159$b00$c20141016$lBLL01$h1656
=CAT  \\$aWR14_181$c20150323$lBLL01$h1403
=CAT  \\$aW1606-1753$c20171028$lBLL01$h1604
=SRC  \\$aBLWrongdoing
=LAS  \\$aW1606-1753$b00$c20171028$lBLL01$h1604

