=LDR  01723 am a2200445 a 4500
=001  016894065
=003  Uk
=005  20130722145353.0
=006  m\\\\||\\d\|\\\\\\
=007  cr\|||||||||||
=008  130722q17981825sp\\\\\\o\\\\\000\0\spa\d
=FMT  \\$a  BK
=040  \\$aUkCU$beng$cUkCU$dUk
=245  00$aRelacion nueva :$bJocosa de olvidos.
=246  30$aJocosa de olvidos
=260  \\$aEn Córdoba :$bEn la imprenta de Don Luis de Ramos y Coria, calle de Armas,$c[between 1798 and 1825?]
=300  \\$a1 online resource
=336  \\$atext$2rdacontent
=337  \\$acomputer$2rdamedia
=338  \\$aonline resources$2rdacarrier
=500  \\$aText printed in two columns.
=500  \\$aIn verse.
=500  \\$aCaption title.
=500  \\$aImprint from colophon.
=500  \\$a"Num. 167."
=599  \\$aItem no. T60 in volume 11451.ee.39.$5Uk
=599  \\$aItem no. T73 in volume 11451.ee.39.$5Uk
=533  \\$aElectronic Reproduction$bLondon$cBritish Library$d2012$nItem no. T60 in volume 11451.ee.39.$nItem no. T73 in volume 11451.ee.39.$5Uk
=650  \0$aSatire, Spanish.
=650  \4$aSátira española.
=655  \7$aChapbooks$zSpain.$2rbgenr
=752  \\$aSpain$dCórdoba.
=856  40$uhttp://cudl.lib.cam.ac.uk/view/PR-11451-EE-00039-00073$yCambridge Digital Library$zItem no. T73 in 11451.ee.39
=856  40$uhttp://cudl.lib.cam.ac.uk/view/PR-11451-EE-00039-00060$yCambridge Digital Library$zItem no. T60 in 11451.ee.39
=859  \\$aXLD$bCambridge Digital Library
=CAT  \\$aWR14_159$b00$c20141016$lBLL01$h1656
=CAT  \\$aWR14_181$c20150323$lBLL01$h1403
=CAT  \\$aW1606-1753$c20171028$lBLL01$h1604
=SRC  \\$aBLWrongdoing
=LAS  \\$aW1606-1753$b00$c20171028$lBLL01$h1604

