=LDR  02605 am a2200565 a 4500
=001  016894090
=003  Uk
=005  20140317142146.0
=006  m\\\\||\\d\|\\\\\\
=007  cr\|||||||||||
=008  130723q18401874sp\a\\\\o\\\\\000\0\spa\\
=FMT  \\$a  BK
=040  \\$aUkCU$beng$cUkCU$dUk
=245  00$aRosaura la del guante :$bRelacion de lo que sucedió en Sierra-Morena á una señora llamada Rosaura y á su amante don Antonio Narvaez, naturales de Córdoba.
=246  30$aRelacion de lo que sucedió en Sierra-Morena á una señora llamada Rosaura y á su amante don Antonio Narvaez
=260  \\$aMadrid :$bDespacho de Marés y Compañía, Juanelo, 19,$c[between 1840 and 1874]
=300  \\$a1 online resource
=336  \\$atext$2rdacontent
=337  \\$acomputer$2rdamedia
=338  \\$aonline resources$2rdacarrier
=500  \\$aText printed in two columns.
=500  \\$aIllustration incorporated within title; additional illustration on p. 5.
=500  \\$aIn verse.
=500  \\$aCaption title.
=500  \\$aImprint from colophon.
=500  \\$a"(Núm. 1.)"
=500  \\$aIn two parts. Part two has title: Parte segunda que trata cómo terminaron los sucesos amorosos de doña Rosaura con su amante don Antonio.
=599  \\$aItem no. T12 in volume 12330.l.2.$5Uk
=599  \\$aItem no. T1 in volume 12330.l.22.v6.$5Uk
=533  \\$aElectronic Reproduction$bLondon$cBritish Library$d2012$nItem no. T12 in volume 12330.l.2.$nItem no. T1 in volume 12330.l.22.v6.$5Uk
=650  \4$aRosaura (Fictitious character)
=650  \4$aNarváez, Antonio (Fictitious character)
=650  \4$aOsos.
=653  \1$aRosaura (Personaje ficticio)
=653  \1$aNarváez, Antonio (Personaje ficticio)
=653  \0$aDesacuerdo familiar.
=653  \0$aInfamia.
=662  \\$aSpain$gSierra Morena$2lcsh-naf
=662  \\$aSpain$dMadrid$2lcsh-naf
=662  \\$aSpain$dCórdoba$2lcsh-naf
=740  02$aParte segunda que trata cómo terminaron los sucesos amorosos de doña Rosaura con su amante don Antonio.
=752  \\$aSpain$dMadrid.
=856  40$uhttp://cudl.lib.cam.ac.uk/view/PR-12330-L-00022-V6-00001$yCambridge Digital Library$zItem no. T1 in 12330.l.22.v6
=856  40$uhttp://cudl.lib.cam.ac.uk/view/PR-12330-L-00002-00012$yCambridge Digital Library$zItem no. T12 in 12330.l.2
=859  \\$aXLD$bCambridge Digital Library
=CAT  \\$aWR14_159$b00$c20141016$lBLL01$h1656
=CAT  \\$aWR14_181$c20150323$lBLL01$h1403
=CAT  \\$aW1606-1753$c20171028$lBLL01$h1604
=SRC  \\$aBLWrongdoing
=LAS  \\$aW1606-1753$b00$c20171028$lBLL01$h1604

