=LDR  02327 am a2200565 a 4500
=001  016894093
=003  Uk
=005  20140317142749.0
=006  m\\\\||\\d\|\\\\\\
=007  cr\|||||||||||
=008  130723q18401874sp\a\\\\o\\\\\000\0\spa\d
=FMT  \\$a  BK
=040  \\$aUkCU$beng$cUkCU$dUk
=245  00$aDoña Juana de Acebedo :$bprimera parte.
=260  \\$aMadrid :$bDespacho de Marés y Compañía, Juanelo, 19,$c[between 1840 and 1874]
=300  \\$a1 online resource
=336  \\$atext$2rdacontent
=337  \\$acomputer$2rdamedia
=338  \\$aonline resources$2rdacarrier
=500  \\$aText printed in two columns.
=500  \\$aIn verse.
=500  \\$aIllustration at head of title; second part with additional illustration at head of title.
=500  \\$aCaption title.
=500  \\$aImprint from colophon.
=500  \\$a"(Núm. 4.)"
=500  \\$aIn two parts. Part two has title: Segunda parte en la que dan fin los lances de Doña Juana de Acebedo.
=599  \\$aItem no. T15 in volume 12330.l.2.$5Uk
=599  \\$aItem no. T3 in volume 12330.l.22.v6.$5Uk
=533  \\$aElectronic Reproduction$bLondon$cBritish Library$d2012$nItem no. T15 in volume 12330.l.2.$nItem no. T3 in volume 12330.l.22.v6.$5Uk
=650  \4$aJuana de Acevedo (Fictitious character)
=650  \4$aAlonso Romero (Fictitious character)
=650  \0$aBrigands and robbers.
=650  \0$aViolent crimes.
=650  \4$aBandoleros.
=650  \4$aDelitos violentos.
=650  \4$aToros.
=653  \1$aJuana de Acevedo (Personaje ficticio)
=653  \1$aAlonso Romero (Personaje ficticio)
=655  \7$aChapbooks$zSpain.$2rbgenr
=662  \\$aSpain$dSeville$2lcsh-naf
=740  02$aSegunda parte en la que dan fin los lances de Doña Juana de Acebedo.
=752  \\$aSpain$dMadrid.
=856  40$uhttp://cudl.lib.cam.ac.uk/view/PR-12330-L-00022-V6-00003$yCambridge Digital Library$zItem no. T3 in 12330.l.22.v6
=856  40$uhttp://cudl.lib.cam.ac.uk/view/PR-12330-L-00002-00015$yCambridge Digital Library$zItem no. T15 in 12330.l.2
=859  \\$aXLD$bCambridge Digital Library
=CAT  \\$aWR14_159$b00$c20141016$lBLL01$h1656
=CAT  \\$aWR14_181$c20150323$lBLL01$h1403
=CAT  \\$aW1606-1753$c20171028$lBLL01$h1604
=SRC  \\$aBLWrongdoing
=LAS  \\$aW1606-1753$b00$c20171028$lBLL01$h1604

