=LDR  01973 am a2200553 a 4500
=001  016894096
=003  Uk
=005  20140317143506.0
=006  m\\\\||\\d\|\\\\\\
=007  cr\|||||||||||
=008  130723q18201823sp\a\\\\o\\\\\000\0\spa\d
=FMT  \\$a  BK
=040  \\$aUkCU$beng$cUkCU$dUk
=245  04$aLas princesas encantadas y deslealtad de hermanos.
=260  \\$aMadrid :$bDespacho, calle Juanelo, núm. 19,$c[between 1820 and 1823?]
=300  \\$a1 online resource
=336  \\$atext$2rdacontent
=337  \\$acomputer$2rdamedia
=338  \\$aonline resources$2rdacarrier
=500  \\$aText printed in two columns.
=500  \\$aIn verse.
=500  \\$aTwo separate illustrations at head of title.
=500  \\$aCaption title.
=500  \\$aImprint from colophon.
=500  \\$a"(Núm. 7.)"
=500  \\$aIn three parts.
=599  \\$aItem no. T18 in volume 12330.l.2.$5Uk
=599  \\$aItem no. T5 in volume 12330.l.22.v6.$5Uk
=533  \\$aElectronic Reproduction$bLondon$cBritish Library$d2012$nItem no. T18 in volume 12330.l.2.$nItem no. T5 in volume 12330.l.22.v6.$5Uk
=650  \0$aIncantations.
=650  \0$aBetrayal.
=650  \4$aEncantamientos.
=650  \4$aTraición.
=650  \4$aPrincesas.
=650  \4$aHermanos.
=650  \4$aCastillos.
=650  \4$aCaballos.
=650  \4$aTorneos.
=655  \7$aChapbooks$zSpain.$2rbgenr
=662  \\$aDenmark$2lcsh-naf
=752  \\$aSpain$dMadrid.
=856  40$uhttp://cudl.lib.cam.ac.uk/view/PR-12330-L-00022-V6-00005$yCambridge Digital Library$zItem no. T5 in 12330.l.22.v6
=856  40$uhttp://cudl.lib.cam.ac.uk/view/PR-12330-L-00002-00018$yCambridge Digital Library$zItem no. T18 in 12330.l.2
=859  \\$aXLD$bCambridge Digital Library
=CAT  \\$aWR14_159$b00$c20141016$lBLL01$h1656
=CAT  \\$aWR14_181$c20150323$lBLL01$h1403
=CAT  \\$aW1606-1753$c20171028$lBLL01$h1604
=SRC  \\$aBLWrongdoing
=LAS  \\$aW1606-1753$b00$c20171028$lBLL01$h1604

