=LDR  02445 am a2200565 a 4500
=001  016894106
=003  Uk
=005  20140317151547.0
=006  m\\\\||\\d\|\\\\\\
=007  cr\|||||||||||
=008  130723q18401874sp\a\\\\o\\\\\000\0\spa\d
=FMT  \\$a  BK
=040  \\$aUkCU$beng$cUkCU$dUk
=245  00$aRelacion del Conde Alarcos :$ben la que se refiere la trágica muerte que dió á su mujer por casarse con la Infanta.
=260  \\$aMadrid :$bDespacho de Marés y Compañía, Juanelo, 19,$c[between 1840 and 1874]
=300  \\$a1 online resource
=336  \\$atext$2rdacontent
=337  \\$acomputer$2rdamedia
=338  \\$aonline resources$2rdacarrier
=500  \\$aText printed in two columns.
=500  \\$aIn verse.
=500  \\$aIllustration at head of title.
=500  \\$aCaption title.
=500  \\$aImprint from colophon.
=500  \\$a"(Núm. 17.)"
=500  \\$a"Confesion de la bella Elisa, acusándose de los amores que tuvo con un querido": p. 7.
=500  \\$a"Respuesta a la confesion": p. 8.
=599  \\$aItem no. T28 in volume 12330.l.2.$5Uk
=599  \\$a"Confesion de la bella Elisa" is item no. T29 in volume 12330.l.2.$5Uk
=599  \\$aItem no. T12 in volume 12330.l.22.v6.$5Uk
=533  \\$aElectronic Reproduction$bLondon$cBritish Library$d2012$nItem no. T28 in volume 12330.l.2.$n"Confesion de la bella Elisa" is item no. T29 in volume 12330.l.2.$nItem no. T12 in volume 12330.l.22.v6.$5Uk
=650  \0$aJudgment of God.
=650  \0$aChristianity and justice.
=650  \0$aMurder.
=650  \4$aConde Alarcos (Fictitious character)
=650  \4$aAsesinato.
=653  \0$aJusticia divina.
=653  \1$aConde Alarcos (Personaje ficticio)
=655  \7$aChapbooks$zSpain.$2rbgenr
=740  02$aConfesion de la bella Elisa, acusándose de los amores que tuvo con un querido.
=740  02$aRespuesta a la confesion.
=752  \\$aSpain$dMadrid.
=856  40$uhttp://cudl.lib.cam.ac.uk/view/PR-12330-L-00022-V6-00012$yCambridge Digital Library$zItem no. T12 in 12330.l.22.v6
=856  40$uhttp://cudl.lib.cam.ac.uk/view/PR-12330-L-00002-00028$yCambridge Digital Library$zItem no. T28 in 12330.l.2
=859  \\$aXLD$bCambridge Digital Library
=CAT  \\$aWR14_159$b00$c20141016$lBLL01$h1656
=CAT  \\$aWR14_181$c20150323$lBLL01$h1403
=CAT  \\$aW1606-1753$c20171028$lBLL01$h1604
=SRC  \\$aBLWrongdoing
=LAS  \\$aW1606-1753$b00$c20171028$lBLL01$h1604

