=LDR  02324 am a2200493 a 4500
=001  016894107
=003  Uk
=005  20140317152541.0
=006  m\\\\||\\d\|\\\\\\
=007  cr\|||||||||||
=008  130723q18401874sp\a\\\\o\\\\\000\0\spa\d
=FMT  \\$a  BK
=040  \\$aUkCU$beng$cUkCU$dUk
=245  00$aRelacion histórica en que se refiere la peregrina y trágica vida de la penitente anacoreta, la princesa de Brabante Santa Genoveva :$bsacada de la verídica historia de la misma santa.
=260  \\$aMadrid :$bDespacho de Marés y Compañía, calle de Juanelo, núm. 19,$c[between 1840 and 1874]
=300  \\$a1 online resource
=336  \\$atext$2rdacontent
=337  \\$acomputer$2rdamedia
=338  \\$aonline resources$2rdacarrier
=500  \\$aText printed in two columns.
=500  \\$aIn verse.
=500  \\$aIllustration at head of title; second part with additional illustration at head of title.
=500  \\$aCaption title.
=500  \\$aImprint from colophon.
=500  \\$a"(Núm. 18.)"
=500  \\$aIn two parts. Part two has title: Segunda parte en que se dá fin á la peregrina historia de la virtuosa princesa de Brabante, Santa Genoveva.
=599  \\$aItem no. T30 in volume 12330.l.2.$5Uk
=599  \\$aItem no. T13 in volume 12330.l.22.v6.$5Uk
=533  \\$aElectronic Reproduction$bLondon$cBritish Library$d2012$nItem no. T30 in volume 12330.l.2.$nItem no. T13 in volume 12330.l.22.v6.$5Uk
=650  \0$aGeneviève, of Brabant (Legendary character)
=650  \0$aRevenge.
=650  \4$aVenganza.
=653  \1$aGenoveva, de Brabante (Personaje legendario)
=655  \7$aChapbooks$zSpain.$2rbgenr
=740  02$aSegunda parte en que se dá fin á la peregrina historia de la virtuosa princesa de Brabante.
=752  \\$aSpain$dMadrid.
=856  40$uhttp://cudl.lib.cam.ac.uk/view/PR-12330-L-00022-V6-00013$yCambridge Digital Library$zItem no. T13 in 12330.l.22.v6
=856  40$uhttp://cudl.lib.cam.ac.uk/view/PR-12330-L-00002-00030$yCambridge Digital Library$zItem no. T30 in 12330.l.2
=859  \\$aXLD$bCambridge Digital Library
=CAT  \\$aWR14_159$b00$c20141016$lBLL01$h1656
=CAT  \\$aWR14_181$c20150323$lBLL01$h1403
=CAT  \\$aW1606-1753$c20171028$lBLL01$h1604
=SRC  \\$aBLWrongdoing
=LAS  \\$aW1606-1753$b00$c20171028$lBLL01$h1604

