=LDR  02134 am a2200469 a 4500
=001  016894110
=003  Uk
=005  20180126102207.0
=006  m\\\\||\\d\|\\\\\\
=007  cr\|||||||||||
=008  130729s1873\\\\sp\a\\\\o\\\\\000\0\spa\d
=FMT  \\$a  BK
=040  \\$aUkCU$beng$cUkCU$dUk
=245  03$aEl contador espiritual :$bque contiene un nuevo y curioso romance, declarando por los números lo que se debe contemplar para no errar la cuenta que cada uno hemos de dar de nuestra vida en el tribunal de Dios : primera parte.
=260  \\$aMadrid :$bDespacho de Marés y Compañía, Juanelo, 19,$c1873.
=300  \\$a1 online resource
=336  \\$atext$2rdacontent
=337  \\$acomputer$2rdamedia
=338  \\$aonline resources$2rdacarrier
=500  \\$aText printed in two columns.
=500  \\$aIn verse.
=500  \\$aIllustration at head of title; second part with additional illustration at head of title.
=500  \\$aCaption title.
=500  \\$aImprint from colophon.
=500  \\$a"(Núm. 21.)"
=500  \\$aIn two parts. Part two has title: "Segunda parte que contiene del modo que se ha de sumar la cuenta para no llevarla errada en el tribunal de Dios."
=599  \\$aItem no. T33 in volume 12330.l.2.$5Uk
=533  \\$aElectronic Reproduction$bLondon$cBritish Library$d2012$nItem no. T33 in volume 12330.l.2.$5Uk
=655  \7$aChapbooks$zSpain.$2rbgenr
=650  \0$aDevotional literature, Spanish.
=650  \4$aLiteratura española devocional.
=740  02$aSegunda parte que contiene del modo que se ha de sumar la cuenta para no llevarla errada en el tribunal de Dios.
=752  \\$aSpain$dMadrid.
=856  40$uhttp://cudl.lib.cam.ac.uk/view/PR-12330-L-00002-00033$yCambridge Digital Library$zItem no. T33 in 12330.l.2
=859  \\$aXLD$bCambridge Digital Library
=CAT  \\$aWR14_159$b00$c20141016$lBLL01$h1656
=CAT  \\$aWR14_181$c20150323$lBLL01$h1403
=CAT  \\$aW1606-1753$c20171028$lBLL01$h1604
=CAT  \\$a8874$b40$c20180126$lBLL01$h1013
=CAT  \\$a8874$b40$c20180126$lBLL01$h1022
=SRC  \\$aBLWrongdoing
=LAS  \\$a8874$b40$c20180126$lBLL01$h1022

