=LDR  02192 am a2200541 a 4500
=001  016894114
=003  Uk
=005  20140317153957.0
=006  m\\\\||\\d\|\\\\\\
=007  cr\|||||||||||
=008  130729q18401874sp\a\\\\o\\\\\000\0\spa\d
=FMT  \\$a  BK
=040  \\$aUkCU$beng$cUkCU$dUk
=245  00$aRosaura la de Trujillo :$bRelacion de un caso lastimoso que sucedió á una incauta doncella llamada Rosaura, natural de la ciudad de Trujillo.
=246  30$aRelacion de un caso lastimoso que sucedió á una incauta doncella
=260  \\$aMadrid :$bDespacho de J.M. Marés y Compañía, Juanelo, 19,$c[between 1840 and 1874]
=300  \\$a1 online resource
=336  \\$atext$2rdacontent
=337  \\$acomputer$2rdamedia
=338  \\$aonline resources$2rdacarrier
=500  \\$aText printed in two columns.
=500  \\$aIn verse.
=500  \\$aTwo separate illustrations at head of title.
=500  \\$aCaption title.
=500  \\$aImprint from colophon.
=500  \\$a"(Núm. 25.)"
=599  \\$aItem no. T37 in volume 12330.l.2.$5Uk
=599  \\$aItem no. T16 in volume 12330.l.22.v6.$5Uk
=533  \\$aElectronic Reproduction$bLondon$cBritish Library$d2012$nItem no. T37 in volume 12330.l.2.$nItem no. T16 in volume 12330.l.22.v6.$5Uk
=650  \4$aRosaura (Fictitious character)
=650  \0$aWomen$xCrimes against.
=650  \0$aRape victims.
=650  \0$aRevenge.
=650  \4$aMujeres$xDelitos contra las.
=650  \4$aVíctimas de la violación.
=650  \4$aVenganza.
=653  \0$aAlevosía.
=653  \1$aRosaura (Personaje ficticio)
=655  \7$aChapbooks$zSpain.$2rbgenr
=752  \\$aSpain$dMadrid.
=856  40$uhttp://cudl.lib.cam.ac.uk/view/PR-12330-L-00022-V6-00016$yCambridge Digital Library$zItem no. T16 in 12330.l.22.v6
=856  40$uhttp://cudl.lib.cam.ac.uk/view/PR-12330-L-00002-00037$yCambridge Digital Library$zItem no. T37 in 12330.l.2
=859  \\$aXLD$bCambridge Digital Library
=CAT  \\$aWR14_159$b00$c20141016$lBLL01$h1656
=CAT  \\$aWR14_181$c20150323$lBLL01$h1403
=CAT  \\$aW1606-1753$c20171028$lBLL01$h1604
=SRC  \\$aBLWrongdoing
=LAS  \\$aW1606-1753$b00$c20171028$lBLL01$h1604

