=LDR  02229 am a2200529 a 4500
=001  016894119
=003  Uk
=005  20140317154923.0
=006  m\\\\||\\d\|\\\\\\
=007  cr\|||||||||||
=008  130729s1873\\\\sp\a\\\\o\\\\\000\0\spa\d
=FMT  \\$a  BK
=040  \\$aUkCU$beng$cUkCU$dUk
=245  00$aSátira graciosa en que se declaran las continuas disputas que ocurren entre suegra y nuera.
=246  30$aSuegra y nuera
=260  \\$aMadrid :$bDespacho de Marés y Compañía, Juanelo, 19,$c1873.
=300  \\$a1 online resource
=336  \\$atext$2rdacontent
=337  \\$acomputer$2rdamedia
=338  \\$aonline resources$2rdacarrier
=500  \\$aText printed in two columns.
=500  \\$aIn verse.
=500  \\$aThree separate illustrations at head of title.
=500  \\$aCaption title.
=500  \\$aImprint from colophon.
=500  \\$a"(Núm. 30)."
=599  \\$aItem no. T42 in volume 12330.l.2.$5Uk
=599  \\$aNumber 30 at head of title is printed upside down.$5Uk
=599  \\$aItem no. T19 in volume 12330.l.22.v6.$5Uk
=599  \\$aItem in volume 12330.l.22.v6 lacks date of publication. Both copies are identical.$5Uk
=533  \\$aElectronic Reproduction$bLondon$cBritish Library$d2012$nItem no. T42 in volume 12330.l.2.$nNumber 30 at head of title is printed upside down.$nItem no. T19 in volume 12330.l.22.v6.$nItem in volume 12330.l.22.v6 lacks date of publication. Both copies are identical.$5Uk
=650  \0$aSatire, Spanish.
=650  \0$aMothers-in-law.
=650  \0$aDaughters-in-law.
=650  \4$aSátira española.
=650  \4$aSuegras.
=650  \4$aNueras.
=655  \7$aChapbooks$zSpain.$2rbgenr
=752  \\$aSpain$dMadrid.
=856  40$uhttp://cudl.lib.cam.ac.uk/view/PR-12330-L-00022-V6-00019$yCambridge Digital Library$zItem no. T19 in 12330.l.22.v6
=856  40$uhttp://cudl.lib.cam.ac.uk/view/PR-12330-L-00002-00042$yCambridge Digital Library$zItem no. T42 in 12330.l.2
=859  \\$aXLD$bCambridge Digital Library
=CAT  \\$aWR14_159$b00$c20141016$lBLL01$h1656
=CAT  \\$aWR14_181$c20150323$lBLL01$h1403
=CAT  \\$aW1606-1753$c20171028$lBLL01$h1604
=SRC  \\$aBLWrongdoing
=LAS  \\$aW1606-1753$b00$c20171028$lBLL01$h1604

