=LDR  02419 am a2200637 a 4500
=001  016894122
=003  Uk
=005  20140228120436.0
=006  m\\\\||\\d\|\\\\\\
=007  cr\|||||||||||
=008  130729s1873\\\\sp\a\\\\o\\\\\000\0\spa\d
=FMT  \\$a  BK
=040  \\$aUkCU$beng$cUkCU$dUk
=245  04$aLos once amores nuevos que tuvo un estudiante de Salamanca.
=260  \\$aMadrid :$bDespacho de Marés y Compañía, calle de Juanelo, núm. 19,$c1873.
=300  \\$a1 online resource
=336  \\$atext$2rdacontent
=337  \\$acomputer$2rdamedia
=338  \\$aonline resources$2rdacarrier
=500  \\$aText printed in two columns.
=500  \\$aIn verse.
=500  \\$aTwo separate illustrations at head of title.
=500  \\$aCaption title.
=500  \\$aImprint from colophon.
=500  \\$a"(Núm. 33.)"
=599  \\$aItem no. T45 in volume 12330.l.2.$5Uk
=599  \\$aItem no. T32 in volume 12330_l_22_v5.$5Uk
=533  \\$aElectronic Reproduction$bLondon$cBritish Library$d2012$nItem no. T45 in volume 12330.l.2.$nItem no. T32 in volume 12330_l_22_v5.$5Uk
=650  \0$aSatire, Spanish.
=650  \0$aMisogyny.
=650  \0$aWomen$xConduct of life.
=650  \4$aSátira española.
=650  \4$aMisoginia.
=650  \4$aMujeres$xConducta de vida.
=655  \7$aChapbooks$zSpain.$2rbgenr
=662  \\$aSpain$dSalamanca$2lcsh-naf
=662  \\$aSpain$dCórdoba$2lcsh-naf
=662  \\$aSpain$dSeville$2lcsh-naf
=662  \\$aSpain$dUtrera$2lcsh-naf
=662  \\$aSpain$dBornos$2lcsh-naf
=662  \\$aSpain$dOsuna$2lcsh-naf
=662  \\$aSpain$dGranada$2lcsh-naf
=662  \\$aSpain$dAntequera$2lcsh-naf
=662  \\$aSpain$dAlcalá de los Gazules$2lcsh-naf
=662  \\$aSpain$dMedina Sidonia$2lcsh-naf
=662  \\$aSpain$dCádiz$2lcsh-naf
=662  \\$aSpain$dJerez de la Frontera$2lcsh-naf
=752  \\$aSpain$dMadrid.
=856  40$uhttp://cudl.lib.cam.ac.uk/view/PR-12330-L-00022-V5-00032$yCambridge Digital Library$zItem no. T32 in 12330_l_22_v5
=856  40$uhttp://cudl.lib.cam.ac.uk/view/PR-12330-L-00002-00045$yCambridge Digital Library$zItem no. T45 in 12330.l.2
=859  \\$aXLD$bCambridge Digital Library
=CAT  \\$aWR14_159$b00$c20141016$lBLL01$h1656
=CAT  \\$aWR14_181$c20150323$lBLL01$h1403
=CAT  \\$aW1606-1753$c20171028$lBLL01$h1604
=SRC  \\$aBLWrongdoing
=LAS  \\$aW1606-1753$b00$c20171028$lBLL01$h1604

