=LDR  02388 am a2200517 a 4500
=001  016894123
=003  Uk
=005  20140317155344.0
=006  m\\\\||\\d\|\\\\\\
=007  cr\|||||||||||
=008  130729q18401874sp\a\\\\o\\\\\000\0\spa\d
=FMT  \\$a  BK
=040  \\$aUkCU$beng$cUkCU$dUk
=245  00$aJuan Lanas :$bCoplas muy divertidas de un hombre trabajador del campo, que viniendo de su trabajo halló á su mujer cercana al parto y la casa á oscuras : Refiérese la mala noche que pasó el pobre, y lo demás que verá el lector /$ccompuestas por el Licenciado Gorrion.
=246  30$aCoplas muy divertidas de un hombre trabajador del campo
=260  \\$aMadrid :$bDespacho de Marés y Compañía, Juanelo, 19,$c[between 1840 and 1874]
=300  \\$a1 online resource
=336  \\$atext$2rdacontent
=337  \\$acomputer$2rdamedia
=338  \\$aonline resources$2rdacarrier
=500  \\$aText printed in two columns.
=500  \\$aIn verse.
=500  \\$aTwo separate illustrations incorporated within title.
=500  \\$aCaption title.
=500  \\$aImprint from colophon.
=500  \\$a"(Núm. 34.)"
=599  \\$aItem no. T46 in volume 12330.l.2.$5Uk
=599  \\$aItem no. T21 in volume 12330.l.22.v6.$5Uk
=599  \\$aPreposition "a" preceeding "su mujer" on title is printed upside down.$5Uk
=533  \\$aElectronic Reproduction$bLondon$cBritish Library$d2012$nItem no. T46 in volume 12330.l.2.$nItem no. T21 in volume 12330.l.22.v6.$nPreposition "a" preceeding "su mujer" on title is printed upside down.$5Uk
=650  \0$aSongs, Spanish$vTexts.
=650  \4$aLanas, Juan (Fictitious character)
=650  \0$aChildbirth.
=650  \4$aParto.
=653  \0$aCanciones españolas--Textos.
=653  \1$aLanas, Juan (Personaje ficticio)
=655  \7$aChapbooks$zSpain.$2rbgenr
=752  \\$aSpain$dMadrid.
=856  40$uhttp://cudl.lib.cam.ac.uk/view/PR-12330-L-00022-V6-00021$yCambridge Digital Library$zItem no. T21 in 12330.l.22.v6
=856  40$uhttp://cudl.lib.cam.ac.uk/view/PR-12330-L-00002-00046$yCambridge Digital Library$zItem no. T46 in 12330.l.2
=859  \\$aXLD$bCambridge Digital Library
=CAT  \\$aWR14_159$b00$c20141016$lBLL01$h1656
=CAT  \\$aWR14_181$c20150323$lBLL01$h1403
=CAT  \\$aW1606-1753$c20171028$lBLL01$h1604
=SRC  \\$aBLWrongdoing
=LAS  \\$aW1606-1753$b00$c20171028$lBLL01$h1604

