=LDR  02393 am a2200529 a 4500
=001  016894124
=003  Uk
=005  20140317160932.0
=006  m\\\\||\\d\|\\\\\\
=007  cr\|||||||||||
=008  130729q18401874sp\a\\\\o\\\\\000\0\spa\d
=FMT  \\$a  BK
=040  \\$aUkCU$beng$cUkCU$dUk
=245  00$aMarcos de Cabra :$bNueva relacion en que se refiere el trágico casamiento de este pobre hombre, vecino de Guadarrama, que despues de unas alegres bodas, esperimentó á pocos meses tanta multitud de partos en su casa, que por asistir á ellos no pudo comer ni descansar en todo el dia : Dáse cuenta de su grande afliccion, y otras muchas circunstancias que verá el curioso lector.
=246  30$aNueva relacion en que se refiere el trágico casamiento de este pobre hombre
=260  \\$aMadrid :$bDespacho de J.M. Marés y Compañía, Juanelo, 19,$c[between 1840 and 1874]
=300  \\$a1 online resource
=336  \\$atext$2rdacontent
=337  \\$acomputer$2rdamedia
=338  \\$aonline resources$2rdacarrier
=500  \\$aText printed in two columns.
=500  \\$aIn verse.
=500  \\$aTwo separate illustrations incorporated within title.
=500  \\$aCaption title.
=500  \\$aImprint from colophon.
=500  \\$a"(Núm. 35.)"
=599  \\$aItem no. T47 in volume 12330.l.2.$5Uk
=599  \\$aItem no. T22 in volume 12330.l.22.v6.$5Uk
=533  \\$aElectronic Reproduction$bLondon$cBritish Library$d2012$nItem no. T47 in volume 12330.l.2.$nItem no. T22 in volume 12330.l.22.v6.$5Uk
=650  \4$aMarcos de Cabra (Fictitious character)
=650  \0$aWeddings.
=650  \0$aChildbirth.
=650  \0$aParturition.
=650  \4$aBodas.
=650  \4$aParto.
=650  \4$aAnimales$xParto.
=653  \1$aMarcos de Cabra (Personaje ficticio)
=655  \7$aChapbooks$zSpain.$2rbgenr
=752  \\$aSpain$dMadrid.
=856  40$uhttp://cudl.lib.cam.ac.uk/view/PR-12330-L-00022-V6-00022$yCambridge Digital Library$zItem no. T22 in 12330.l.22.v6
=856  40$uhttp://cudl.lib.cam.ac.uk/view/PR-12330-L-00002-00047$yCambridge Digital Library$zItem no. T47 in 12330.l.2
=859  \\$aXLD$bCambridge Digital Library
=CAT  \\$aWR14_159$b00$c20141016$lBLL01$h1656
=CAT  \\$aWR14_181$c20150323$lBLL01$h1403
=CAT  \\$aW1606-1753$c20171028$lBLL01$h1604
=SRC  \\$aBLWrongdoing
=LAS  \\$aW1606-1753$b00$c20171028$lBLL01$h1604

