=LDR  02595 am a2200505 a 4500
=001  016894126
=003  Uk
=005  20140228112646.0
=006  m\\\\||\\d\|\\\\\\
=007  cr\|||||||||||
=008  130729s1873\\\\sp\a\\\\o\\\\\000\0\spa\d
=FMT  \\$a  BK
=040  \\$aUkCU$beng$cUkCU$dUk
=245  03$aEl raton de Canari[as] :$bRelacion graciosa y divertida en que se refieren los estragos, muertes y valentías ejecutadas por un raton que se descubrió en las islas Canarias, en casa de un tejedor, segun consta de una carta que recibió el autor de un amigo suyo : con lo demás que verá el curioso lector : primera parte.
=246  30$aRelacion graciosa y divertida en que se refieren los estragos, muertes y valentías ejecutadas por un raton
=260  \\$aMadrid :$bDespacho de Marés y Compañía, Juanelo, 19,$c1873.
=300  \\$a1 online resource
=336  \\$atext$2rdacontent
=337  \\$acomputer$2rdamedia
=338  \\$aonline resources$2rdacarrier
=500  \\$aText printed in two columns.
=500  \\$aIn verse.
=500  \\$aIllustration incorporated within title.
=500  \\$aCaption title.
=500  \\$aImprint from colophon.
=500  \\$aIn two parts. Part two has title: "Segunda parte en la que se expresa cómo fué cogido el raton por la industria y sagacidad de una vieja, lo que le sucedió á esta por la codicia de meterse á coger ratones y la distribucion que se hizo de los miembros del raton."
=599  \\$aItem no. T49 in volume 12330.l.2.$5Uk
=599  \\$aItem no. T29 in volume 12330_l_22_v5.$5Uk
=533  \\$aElectronic Reproduction$bLondon$cBritish Library$d2012$nItem no. T49 in volume 12330.l.2.$nItem no. T29 in volume 12330_l_22_v5.$5Uk
=650  \0$aSatire, Spanish.
=650  \0$aMice.
=650  \4$aSátira española.
=650  \4$aRatones.
=655  \7$aChapbooks$zSpain.$2rbgenr
=662  \\$aCanary Islands$2lcsh-naf
=740  02$aSegunda parte en la que se expresa cómo fué cogido el raton por la industria y sagacidad de una vieja.
=752  \\$aSpain$dMadrid.
=856  40$uhttp://cudl.lib.cam.ac.uk/view/PR-12330-L-00022-V5-00029$yCambridge Digital Library$zItem no. T29 in 12330_l_22_v5
=856  40$uhttp://cudl.lib.cam.ac.uk/view/PR-12330-L-00002-00049$yCambridge Digital Library$zItem no. T49 in 12330.l.2
=859  \\$aXLD$bCambridge Digital Library
=CAT  \\$aWR14_159$b00$c20141016$lBLL01$h1656
=CAT  \\$aWR14_181$c20150323$lBLL01$h1403
=CAT  \\$aW1606-1753$c20171028$lBLL01$h1604
=SRC  \\$aBLWrongdoing
=LAS  \\$aW1606-1753$b00$c20171028$lBLL01$h1604

