=LDR  02420 am a2200493 a 4500
=001  016894128
=003  Uk
=005  20140317162007.0
=006  m\\\\||\\d\|\\\\\\
=007  cr\|||||||||||
=008  130729q18401874sp\a\\\\o\\\\\000\0\spa\d
=FMT  \\$a  BK
=040  \\$aUkCU$beng$cUkCU$dUk
=245  03$aLa Isla de Jauja :$bRelacion en que se manifiesta el descubrimiento de una isla llamada Jauja, la más rica y abundante de todo cuanto hay en el mundo, descubierta por el afortunado capitan llamado Longares : compuesta por un marinero que iba en el navio que la descubrió como uno de los testigos de vista de lo que aquí se refiere.
=246  30$aRelacion en que se manifiesta el descubrimiento de una isla llamada Jauja, la más rica y abundante de todo cuanto hay en el mundo
=260  \\$aMadrid :$bDespacho, calle de Juanelo, núm. 19,$c[between 1840 and 1874]
=300  \\$a1 online resource
=336  \\$atext$2rdacontent
=337  \\$acomputer$2rdamedia
=338  \\$aonline resources$2rdacarrier
=500  \\$aText printed in two columns.
=500  \\$aIn verse.
=500  \\$aIllustration incorporated within title; additional illustration at head of p. [3] with caption "Llegada del navío á la isla de Jauja.".
=500  \\$aCaption title.
=500  \\$aImprint from colophon.
=500  \\$a"(Núm. 39.)"
=599  \\$aItem no. T51 in volume 12330.l.2.$5Uk
=599  \\$aItem no. T24 in volume 12330.l.22.v6.$5Uk
=533  \\$aElectronic Reproduction$bLondon$cBritish Library$d2012$nItem no. T51 in volume 12330.l.2.$nItem no. T24 in volume 12330.l.22.v6.$5Uk
=650  \4$aLongares de Sentlom y de Gorgas (Fictitious character)
=650  \0$aVoyages and travels.
=650  \4$aViajes.
=650  \4$aIslas.
=653  \1$aLongares de Sentlom y de Gorgas (Personaje ficticio)
=655  \7$aChapbooks$zSpain.$2rbgenr
=752  \\$aSpain$dMadrid.
=856  40$uhttp://cudl.lib.cam.ac.uk/view/PR-12330-L-00022-V6-00024$yCambridge Digital Library$zItem no. T24 in 12330.l.22.v6
=856  40$uhttp://cudl.lib.cam.ac.uk/view/PR-12330-L-00002-00051$yCambridge Digital Library$zItem no. T51 in 12330.l.2
=859  \\$aXLD$bCambridge Digital Library
=CAT  \\$aWR14_159$b00$c20141016$lBLL01$h1656
=CAT  \\$aWR14_181$c20150323$lBLL01$h1403
=CAT  \\$aW1606-1753$c20171028$lBLL01$h1604
=SRC  \\$aBLWrongdoing
=LAS  \\$aW1606-1753$b00$c20171028$lBLL01$h1604

