=LDR  02019 am a2200505 a 4500
=001  016894132
=003  Uk
=005  20140317165132.0
=006  m\\\\||\\d\|\\\\\\
=007  cr\|||||||||||
=008  130729q18401874sp\a\\\\o\\\\\000\0\spa\d
=FMT  \\$a  BK
=040  \\$aUkCU$beng$cUkCU$dUk
=245  03$aEl trigo y el dinero :$bNueva relacion en que se refiere la disputa que tuvieron el Trigo y el Dinero, sobre cuál de los dos es de mayor excelencia.
=246  30$aNueva relacion en que se refiere la disputa que tuvieron el Trigo y el Dinero
=260  \\$aMadrid :$bDespacho de Marés y Compañía, Juanelo, 19,$c[between 1840 and 1874]
=300  \\$a1 online resource
=336  \\$atext$2rdacontent
=337  \\$acomputer$2rdamedia
=338  \\$aonline resources$2rdacarrier
=500  \\$aText printed in two columns.
=500  \\$aIn verse.
=500  \\$aIllustration incorporated within title.
=500  \\$aCaption title.
=500  \\$aImprint from colophon.
=500  \\$a"(Núm. 43.)"
=599  \\$aItem no. T54* in volume 12330.l.2.$5Uk
=599  \\$aItem no. T27 in volume 12330.l.22.v6.$5Uk
=533  \\$aElectronic Reproduction$bLondon$cBritish Library$d2012$nItem no. T54* in volume 12330.l.2.$nItem no. T27 in volume 12330.l.22.v6.$5Uk
=650  \0$aParody.
=650  \0$aWheat.
=650  \0$aMoney.
=650  \4$aParodia.
=650  \4$aTrigo.
=650  \4$aDinero.
=655  \7$aChapbooks$zSpain.$2rbgenr
=752  \\$aSpain$dMadrid.
=856  40$uhttp://cudl.lib.cam.ac.uk/view/PR-12330-L-00022-V6-00027$yCambridge Digital Library$zItem no. T27 in 12330.l.22.v6
=856  40$uhttp://cudl.lib.cam.ac.uk/view/PR-12330-L-00002-00054-ASTERISK$yCambridge Digital Library$zItem no. T54* in 12330.l.2
=859  \\$aXLD$bCambridge Digital Library
=CAT  \\$aWR14_159$b00$c20141016$lBLL01$h1656
=CAT  \\$aWR14_181$c20150323$lBLL01$h1403
=CAT  \\$aW1606-1753$c20171028$lBLL01$h1604
=SRC  \\$aBLWrongdoing
=LAS  \\$aW1606-1753$b00$c20171028$lBLL01$h1604

