=LDR  01877 am a2200481 a 4500
=001  016894133
=003  Uk
=005  20140317164920.0
=006  m\\\\||\\d\|\\\\\\
=007  cr\|||||||||||
=008  130729q18401874sp\a\\\\o\\\\\000\0\spa\d
=FMT  \\$a  BK
=040  \\$aUkCU$beng$cUkCU$dUk
=245  00$aReceta infalible para las mujeres mal casadas.
=246  30$aMujeres mal casadas
=260  \\$aMadrid :$bDespacho de J.M. Marés y Compañía, calle de Juanelo, núm. 19,$c[between 1840 and 1874]
=300  \\$a1 online resource
=336  \\$atext$2rdacontent
=337  \\$acomputer$2rdamedia
=338  \\$aonline resources$2rdacarrier
=500  \\$aText printed in two columns.
=500  \\$aIn verse.
=500  \\$aThree separate illustrations at head of title.
=500  \\$aCaption title.
=500  \\$aImprint from colophon.
=500  \\$a"(Núm. 44.)"
=599  \\$aItem no. T55 in volume 12330.l.2.$5Uk
=599  \\$aItem no. T26 in volume 12330.l.22.v6.$5Uk
=533  \\$aElectronic Reproduction$bLondon$cBritish Library$d2012$nItem no. T55 in volume 12330.l.2.$nItem no. T26 in volume 12330.l.22.v6.$5Uk
=650  \0$aMarried women.
=650  \0$aMan-woman relationships.
=650  \4$aMujeres casadas.
=650  \4$aRelaciones hombre-mujer.
=655  \7$aChapbooks$zSpain.$2rbgenr
=752  \\$aSpain$dMadrid.
=856  40$uhttp://cudl.lib.cam.ac.uk/view/PR-12330-L-00022-V6-00026$yCambridge Digital Library$zItem no. T26 in 12330.l.22.v6
=856  40$uhttp://cudl.lib.cam.ac.uk/view/PR-12330-L-00002-00055$yCambridge Digital Library$zItem no. T55 in 12330.l.2
=859  \\$aXLD$bCambridge Digital Library
=CAT  \\$aWR14_159$b00$c20141016$lBLL01$h1656
=CAT  \\$aWR14_181$c20150323$lBLL01$h1403
=CAT  \\$aW1606-1753$c20171028$lBLL01$h1604
=SRC  \\$aBLWrongdoing
=LAS  \\$aW1606-1753$b00$c20171028$lBLL01$h1604

