=LDR  01905 am a2200517 a 4500
=001  016894138
=003  Uk
=005  20140317165554.0
=006  m\\\\||\\d\|\\\\\\
=007  cr\|||||||||||
=008  130729q18401874sp\a\\\\o\\\\\000\0\spa\d
=FMT  \\$a  BK
=040  \\$aUkCU$beng$cUkCU$dUk
=245  03$aEl maltés en Madrid :$bprimera parte.
=260  \\$aMadrid :$bDespacho, calle de Juanelo, núm. 19,$c[between 1840 and 1874]
=300  \\$a1 online resource
=336  \\$atext$2rdacontent
=337  \\$acomputer$2rdamedia
=338  \\$aonline resources$2rdacarrier
=500  \\$aText printed in two columns.
=500  \\$aIn verse.
=500  \\$aIllustration at head of title.
=500  \\$aCaption title.
=500  \\$aImprint from colophon.
=500  \\$a"(Núm. 49.)"
=500  \\$aIn two parts.
=599  \\$aItem no. T60 in volume 12330.l.2.$5Uk
=599  \\$aItem no. T29 in volume 12330.l.22.v6.$5Uk
=533  \\$aElectronic Reproduction$bLondon$cBritish Library$d2012$nItem no. T60 in volume 12330.l.2.$nItem no. T29 in volume 12330.l.22.v6.$5Uk
=650  \0$aMurder.
=650  \0$aDeception.
=650  \0$aJustice, Administration of.
=650  \4$aAsesinato.
=650  \4$aEngaño.
=650  \0$aAdministración de justicia.
=655  \7$aChapbooks$zSpain.$2rbgenr
=662  \\$aSpain$dMadrid$2lcsh-naf
=752  \\$aSpain$dMadrid.
=856  40$uhttp://cudl.lib.cam.ac.uk/view/PR-12330-L-00022-V6-00029$yCambridge Digital Library$zItem no. T29 in 12330.l.22.v6
=856  40$uhttp://cudl.lib.cam.ac.uk/view/PR-12330-L-00002-00060$yCambridge Digital Library$zItem no. T60 in 12330.l.2
=859  \\$aXLD$bCambridge Digital Library
=CAT  \\$aWR14_159$b00$c20141016$lBLL01$h1656
=CAT  \\$aWR14_181$c20150323$lBLL01$h1403
=CAT  \\$aW1606-1753$c20171028$lBLL01$h1604
=SRC  \\$aBLWrongdoing
=LAS  \\$aW1606-1753$b00$c20171028$lBLL01$h1604

