=LDR  02239 am a2200565 a 4500
=001  016894151
=003  Uk
=005  20140320165301.0
=006  m\\\\||\\d\|\\\\\\
=007  cr\|||||||||||
=008  130730q18401874sp\a\\\\o\\\\\000\0\spa\d
=FMT  \\$a  BK
=040  \\$aUkCU$beng$cUkCU$dUk
=245  00$aCancion nueva del Gerineldo :$ben la que se expresan los amores y fuga de un oficial ruso con la bella Enildas, sultana favorita del Gran Señor.
=246  30$aGerineldo
=260  \\$aMadrid :$bDespacho de Marés y Compañía, Juanelo, 19,$c[between 1840 and 1874]
=300  \\$a1 online resource
=336  \\$atext$2rdacontent
=337  \\$acomputer$2rdamedia
=338  \\$aonline resources$2rdacarrier
=500  \\$aText printed in two columns.
=500  \\$aIn verse.
=500  \\$aIllustration at head of title.
=500  \\$aCaption title.
=500  \\$aImprint from colophon.
=500  \\$a"(Núm. 69.)"
=500  \\$a"El pilluelo de Madrid": p. [3-4].
=500  \\$a"Cancion del arenero": p. [4].
=599  \\$aItem no. T78 in volume 12330.l.2.$5Uk
=599  \\$aItem no. T39 in volume 12330.l.22.v6.$5Uk
=533  \\$aElectronic Reproduction$bLondon$cBritish Library$d2012$nItem no. T78 in volume 12330.l.2.$nItem no. T39 in volume 12330.l.22.v6.$5Uk
=655  \7$aChapbooks$zSpain.$2rbgenr
=650  \4$aGerineldo (Fictitious character)
=650  \4$aEnildas (Fictitious character)
=650  \0$aAdultery.
=650  \4$aAdulterio.
=653  \1$aGerineldo (Personaje ficticio)
=653  \1$aEnildas (Personaje ficticio)
=662  \\$aTurkey$dIstanbul$2lcsh-naf
=740  02$aPilluelo de Madrid.
=740  02$aCancion del arenero.
=752  \\$aSpain$dMadrid.
=856  40$uhttp://cudl.lib.cam.ac.uk/view/PR-12330-L-00022-V6-00039$yCambridge Digital Library$zItem no. T39 in 12330.l.22.v6
=856  40$uhttp://cudl.lib.cam.ac.uk/view/PR-12330-L-00002-00078$yCambridge Digital Library$zItem no. T78 in 12330.l.2
=859  \\$aXLD$bCambridge Digital Library
=CAT  \\$aWR14_159$b00$c20141016$lBLL01$h1656
=CAT  \\$aWR14_181$c20150323$lBLL01$h1403
=CAT  \\$aW1606-1753$c20171028$lBLL01$h1604
=SRC  \\$aBLWrongdoing
=LAS  \\$aW1606-1753$b00$c20171028$lBLL01$h1604

