=LDR  02130 am a2200481 a 4500
=001  016894159
=003  Uk
=005  20140321142537.0
=006  m\\\\||\\d\|\\\\\\
=007  cr\|||||||||||
=008  130730s1873\\\\sp\a\\\\o\\\\\000\0\spa\d
=FMT  \\$a  BK
=040  \\$aUkCU$beng$cUkCU$dUk
=245  00$aCarta amorosa que dirige un amante á su dama :$bcompuesta en trovos nuevos.
=260  \\$aMadrid :$bDespacho de Marés y Compañía, Juanelo, 19,$c1873.
=300  \\$a1 online resource
=336  \\$atext$2rdacontent
=337  \\$acomputer$2rdamedia
=338  \\$aonline resources$2rdacarrier
=500  \\$aText printed in two columns.
=500  \\$aIn verse.
=500  \\$aIllustration at head of title; additional illustration at head of p. [3].
=500  \\$aCaption title.
=500  \\$aImprint from colophon.
=500  \\$a"(Núm. 100.)"
=500  \\$a"Respuesta de la dama a su fino amante en otros trovos nuevos": p. [3-4].
=599  \\$aItem no. T86 in volume 12330.l.2.$5Uk
=599  \\$aItem no. T66 in volume 12330.l.22.v6.$5Uk
=599  \\$aItem in volume 12330.l.22.v6 lacks date of publication. Both copies are identical.$5Uk
=533  \\$aElectronic Reproduction$bLondon$cBritish Library$d2012$nItem no. T86 in volume 12330.l.2.$nItem no. T66 in volume 12330.l.22.v6.$nItem in volume 12330.l.22.v6 lacks date of publication. Both copies are identical.$5Uk
=650  \0$aCourtship.
=650  \4$aCortejo amoroso.
=655  \7$aChapbooks$zSpain.$2rbgenr
=740  02$aRespuesta de la dama a su fino amante en otros trovos nuevos.
=752  \\$aSpain$dMadrid.
=856  40$uhttp://cudl.lib.cam.ac.uk/view/PR-12330-L-00022-V6-00066$yCambridge Digital Library$zItem no. T66 in 12330.l.22.v6
=856  40$uhttp://cudl.lib.cam.ac.uk/view/PR-12330-L-00002-00086$yCambridge Digital Library$zItem no. T86 in 12330.l.2
=859  \\$aXLD$bCambridge Digital Library
=CAT  \\$aWR14_159$b00$c20141016$lBLL01$h1656
=CAT  \\$aWR14_181$c20150323$lBLL01$h1403
=CAT  \\$aW1606-1753$c20171028$lBLL01$h1604
=SRC  \\$aBLWrongdoing
=LAS  \\$aW1606-1753$b00$c20171028$lBLL01$h1604

