=LDR  02235 am a2200481 a 4500
=001  016894161
=003  Uk
=005  20140403145836.0
=006  m\\\\||\\d\|\\\\\\
=007  cr\|||||||||||
=008  130730q18401874sp\a\\\\o\\\\\000\0\spa\d
=FMT  \\$a  BK
=040  \\$aUkCU$beng$cUkCU$dUk
=245  00$aCarta discreta y amorosa, dispuesta en quintillas, de un galan á su dama, que viéndola enojada y desviada de su cariño, procura atraerla de nuevo su amor, disculpándose de las causas que la dió para enojarla.
=260  \\$aMadrid :$bDespacho de Marés y Compañía, calle de Juanelo, núm. 19,$c[between 1840 and 1874]
=300  \\$a1 online resource
=336  \\$atext$2rdacontent
=337  \\$acomputer$2rdamedia
=338  \\$aonline resources$2rdacarrier
=500  \\$aText printed in two columns.
=500  \\$aIn verse.
=500  \\$aIllustration at head of title.
=500  \\$aCaption title.
=500  \\$aImprint from colophon.
=500  \\$a"(Núm. 103.)"
=500  \\$a"Respuesta discreta á la amorosa carta del galan, manifestándole la dama su esquivez y desamor, quejándose airada de su infiel trato y diciéndole que la olvide para siempre, porque ella detesta su amor": p. [3-4].
=599  \\$aItem no. T88 in volume 12330.l.2.$5Uk
=599  \\$aItem no. T153x in volume 12330.l.22.v6.$5Uk
=533  \\$aElectronic Reproduction$bLondon$cBritish Library$d2012$nItem no. T88 in volume 12330.l.2.$nItem no. T153x in volume 12330.l.22.v6.$5Uk
=650  \0$aMan-woman relationships.
=650  \0$aCourtship.
=650  \4$aRelaciones hombre-mujer.
=650  \4$aCortejo amoroso.
=655  \7$aChapbooks$zSpain.$2rbgenr
=752  \\$aSpain$dMadrid.
=856  40$uhttp://cudl.lib.cam.ac.uk/view/PR-12330-L-00022-V6-00153-X$yCambridge Digital Library$zItem no. T153x in 12330.l.22.v6
=856  40$uhttp://cudl.lib.cam.ac.uk/view/PR-12330-L-00002-00088$yCambridge Digital Library$zItem no. T88 in 12330.l.2
=859  \\$aXLD$bCambridge Digital Library
=CAT  \\$aWR14_159$b00$c20141016$lBLL01$h1656
=CAT  \\$aWR14_181$c20150323$lBLL01$h1403
=CAT  \\$aW1606-1753$c20171028$lBLL01$h1604
=SRC  \\$aBLWrongdoing
=LAS  \\$aW1606-1753$b00$c20171028$lBLL01$h1604

