=LDR  02104 am a2200553 a 4500
=001  016894215
=003  Uk
=005  20140602095149.0
=006  m\\\\||\\d\|\\\\\\
=007  cr\|||||||||||
=008  130823s1860\\\\sp\a\\\\o\\\\\000\0\spa\d
=FMT  \\$a  BK
=040  \\$aUkCU$beng$cUkCU$dUk
=245  04$aLas princesas encantadas y deslealtad de hermanos :$bprimera parte.
=260  \\$aValladolid :$bImprenta de Fernando Santaren,$c1860.
=300  \\$a1 online resource
=336  \\$atext$2rdacontent
=337  \\$acomputer$2rdamedia
=338  \\$aonline resources$2rdacarrier
=500  \\$aText printed in two columns.
=500  \\$aIn verse.
=500  \\$aTwo separate illustrations at head of title.
=500  \\$aCaption title.
=500  \\$aImprint from colophon.
=500  \\$aIn two parts. Part two has title: "Segunda parte de las princesas encantadas y deslealtad de hermanos."
=599  \\$aItem no. T42 in volume 12330.l.9.$5Uk
=599  \\$aItem no. T2 in volume 11452.g.12.$5Uk
=533  \\$aElectronic Reproduction$bLondon$cBritish Library$d2012$nItem no. T42 in volume 12330.l.9.$nItem no. T2 in volume 11452.g.12.$5Uk
=650  \0$aIncantations.
=650  \0$aBetrayal.
=650  \4$aEncantamientos.
=650  \4$aTraición.
=650  \4$aPrincesas.
=650  \4$aHermanos.
=650  \4$aCastillos.
=650  \4$aCaballos.
=650  \4$aTorneos.
=655  \7$aChapbooks$zSpain.$2rbgenr
=662  \\$aDenmark$2lcsh-naf
=740  02$aSegunda parte de las princesas encantadas y deslealtad de hermanos.
=752  \\$aSpain$dValladolid.
=856  40$uhttp://cudl.lib.cam.ac.uk/view/PR-11452-G-00012-00002$yCambridge Digital Library$zItem no. T2 in 11452.g.12
=856  40$uhttp://cudl.lib.cam.ac.uk/view/PR-12330-L-00009-00042$yCambridge Digital Library$zItem no. T42 in 12330.l.9
=859  \\$aXLD$bCambridge Digital Library
=CAT  \\$aWR14_159$b00$c20141016$lBLL01$h1656
=CAT  \\$aWR14_181$c20150323$lBLL01$h1403
=CAT  \\$aW1606-1753$c20171028$lBLL01$h1604
=SRC  \\$aBLWrongdoing
=LAS  \\$aW1606-1753$b00$c20171028$lBLL01$h1604

