=LDR  01952 am a2200481 a 4500
=001  016894233
=003  Uk
=005  20140307113119.0
=006  m\\\\||\\d\|\\\\\\
=007  cr\|||||||||||
=008  130829q17991850sp\a\\\\o\\\\\000\0\spa\d
=FMT  \\$a  BK
=040  \\$aUkCU$beng$cUkCU$dUk
=245  04$aLas tres canciones modernas y divertidas :$bque son La casteñera y su paque, El arenero y su jeva.
=260  \\$aZaragoza :$bImprenta de Catalan, propiedad,$c[between 1799 and 1850?]
=300  \\$a1 online resource
=336  \\$atext$2rdacontent
=337  \\$acomputer$2rdamedia
=338  \\$aonline resources$2rdacarrier
=500  \\$aText printed in two columns.
=500  \\$aIn verse.
=500  \\$aTwo separate illustrations at head of title.
=500  \\$aCaption title.
=500  \\$aImprint from colophon.
=500  \\$a"Cancion del arenero": p. [2-3]
=500  \\$a"El cuento de Ramon y Luisa": p. [3-4]
=599  \\$aItem no. T4 in volume 12330.l.10.$5Uk
=599  \\$aItem no. T88 in volume 12330_l_22_v5.$5Uk
=533  \\$aElectronic Reproduction$bLondon$cBritish Library$d2012$nItem no. T4 in volume 12330.l.10.$nItem no. T88 in volume 12330_l_22_v5.$5Uk
=650  \0$aSongs, Spanish$vTexts.
=653  \0$aCanciones españolas--Textos.
=655  \7$aChapbooks$zSpain.$2rbgenr
=740  02$aCancion del arenero.
=740  0\$aCuento de Ramon y Luisa.
=752  \\$aSpain$dValladolid.
=856  40$uhttp://cudl.lib.cam.ac.uk/view/PR-12330-L-00022-V5-00088$yCambridge Digital Library$zItem no. T88 in 12330_l_22_v5
=856  40$uhttp://cudl.lib.cam.ac.uk/view/PR-12330-L-00010-00004$yCambridge Digital Library$zItem no. T4 in 12330.l.10
=859  \\$aXLD$bCambridge Digital Library
=CAT  \\$aWR14_159$b00$c20141016$lBLL01$h1656
=CAT  \\$aWR14_181$c20150323$lBLL01$h1403
=CAT  \\$aW1606-1753$c20171028$lBLL01$h1604
=SRC  \\$aBLWrongdoing
=LAS  \\$aW1606-1753$b00$c20171028$lBLL01$h1604

