=LDR  02205 am a2200505 a 4500
=001  016894234
=003  Uk
=005  20140314110527.0
=006  m\\\\||\\d\|\\\\\\
=007  cr\|||||||||||
=008  130829q18201888sp\a\\\\o\\\\\000\0\spa\d
=FMT  \\$a  BK
=040  \\$aUkCU$beng$cUkCU$dUk
=245  00$aCaso espantoso que sucedió con una hija que ahogaba á su padre :$bla cual enfurecida lo tenia por la garganta diciendole palabras injuriosas llegando la madre la hirió de un golpe que le dió en la cabeza : cuya hija fué castigada por la justicia divina la cual fué abrasada en carbon con todo lo demas que se refiere.
=260  \\$aLérida :$bimprenta de la C. de Corominas,$c[between 1820 and 1888?]
=300  \\$a1 online resource
=336  \\$atext$2rdacontent
=337  \\$acomputer$2rdamedia
=338  \\$aonline resources$2rdacarrier
=500  \\$aText printed in two columns.
=500  \\$aIn verse.
=500  \\$aTwo separate illustrations at head of title.
=500  \\$aCaption title.
=500  \\$aImprint from colophon.
=599  \\$aItem no. T6 in volume 12330.l.10.$5Uk
=599  \\$aItem no. T102 in volume 12330_l_22_v5.$5Uk
=533  \\$aElectronic Reproduction$bLondon$cBritish Library$d2012$nItem no. T6 in volume 12330.l.10.$nItem no. T102 in volume 12330_l_22_v5.$5Uk
=650  \0$aFathers and daughters.
=650  \0$aMothers and daughters.
=650  \4$aPadres e hijas.
=650  \4$aMadres e hijas.
=650  \0$aJudgment of God.
=650  \0$aChristianity and justice.
=653  \0$aJusticia divina.
=655  \7$aChapbooks$zSpain.$2rbgenr
=662  \\$aSpain$dAragon$2lcsh-naf
=752  \\$aSpain$dLérida.
=856  40$uhttp://cudl.lib.cam.ac.uk/view/PR-12330-L-00022-V5-00102$yCambridge Digital Library$zItem no. T102 in 12330_l_22_v5
=856  40$uhttp://cudl.lib.cam.ac.uk/view/PR-12330-L-00010-00006$yCambridge Digital Library$zItem no. T6 in 12330.l.10
=859  \\$aXLD$bCambridge Digital Library
=CAT  \\$aWR14_159$b00$c20141016$lBLL01$h1656
=CAT  \\$aWR14_181$c20150323$lBLL01$h1403
=CAT  \\$aW1606-1753$c20171028$lBLL01$h1604
=SRC  \\$aBLWrongdoing
=LAS  \\$aW1606-1753$b00$c20171028$lBLL01$h1604

