=LDR  01916 am a2200457 a 4500
=001  016894235
=003  Uk
=005  20140314110815.0
=006  m\\\\||\\d\|\\\\\\
=007  cr\|||||||||||
=008  130829q18201888sp\a\\\\o\\\\\000\0\spa\d
=FMT  \\$a  BK
=040  \\$aUkCU$beng$cUkCU$dUk
=245  00$aTrobos nuevos, divertidos y amorosos que cantó un enamorado llamado Juan á su dama llamada Antonia :$bel cual refiere con una sátira lo que los acontece á muchos de los que se casan.
=260  \\$aLérida :$bImprenta de la C. de Corominas,$c[between 1820 and 1888?]
=300  \\$a1 online resource
=336  \\$atext$2rdacontent
=337  \\$acomputer$2rdamedia
=338  \\$aonline resources$2rdacarrier
=500  \\$aText printed in two columns.
=500  \\$aIn verse.
=500  \\$aTwo separate illustrations at head of title.
=500  \\$aCaption title.
=500  \\$aImprint from colophon.
=599  \\$aItem no. T7 in volume 12330.l.10.$5Uk
=599  \\$aItem no. T103 in volume 12330_l_22_v5.$5Uk
=533  \\$aElectronic Reproduction$bLondon$cBritish Library$d2012$nItem no. T7 in volume 12330.l.10.$nItem no. T103 in volume 12330_l_22_v5.$5Uk
=650  \0$aSongs, Spanish$vTexts.
=650  \0$aMarriage.
=650  \4$aMatrimonio.
=653  \0$aCanciones españolas--Textos.
=655  \7$aChapbooks$zSpain.$2rbgenr
=752  \\$aSpain$dLérida.
=856  40$uhttp://cudl.lib.cam.ac.uk/view/PR-12330-L-00022-V5-00103$yCambridge Digital Library$zItem no. T103 in 12330_l_22_v5
=856  40$uhttp://cudl.lib.cam.ac.uk/view/PR-12330-L-00010-00007$yCambridge Digital Library$zItem no. T7 in 12330.l.10
=859  \\$aXLD$bCambridge Digital Library
=CAT  \\$aWR14_159$b00$c20141016$lBLL01$h1656
=CAT  \\$aWR14_181$c20150323$lBLL01$h1403
=CAT  \\$aW1606-1753$c20171028$lBLL01$h1604
=SRC  \\$aBLWrongdoing
=LAS  \\$aW1606-1753$b00$c20171028$lBLL01$h1604

