=LDR  02086 am a2200505 a 4500
=001  016894238
=003  Uk
=005  20140424154914.0
=006  m\\\\||\\d\|\\\\\\
=007  cr\|||||||||||
=008  130829q17611778sp\a\\\\o\\\\\000\0\spa\d
=FMT  \\$a  BK
=040  \\$aUkCU$beng$cUkCU$dUk
=245  00$aNueva y curiosa relacion del invencible valor de una hermosa doncella natural de la ciudad de Jaen, que por desagraviar à su padre hizo treinta muertes :$bDoña Isabel Gallardo.
=246  30$aDoña Isabel Gallardo
=260  \\$aBarcelona :$bEn la Imprenta de los herederos de Juan Jolis, en la calle de los Algodoneros,$c[between 1760 and 1778?]
=300  \\$a1 online resource
=336  \\$atext$2rdacontent
=337  \\$acomputer$2rdamedia
=338  \\$aonline resources$2rdacarrier
=500  \\$aText printed in two columns.
=500  \\$aIn verse.
=500  \\$aTwo separate illustrations at head of title.
=500  \\$aCaption title.
=500  \\$aImprint from colophon.
=599  \\$aItem no. T10 in volume 12330.l.10.$5Uk
=599  \\$aItem no. T28 in volume G.11303.$5Uk
=533  \\$aElectronic Reproduction$bLondon$cBritish Library$d2012$nItem no. T10 in volume 12330.l.10.$nItem no. T28 in volume G.11303.$5Uk
=650  \4$aIsabel Gallardo (Fictitious charachter)
=650  \0$aWomen murderers.
=650  \0$aRevenge.
=650  \4$aAsesinas.
=650  \4$aVenganza.
=653  \1$aIsabel Gallardo (Personaje ficticio)
=655  \7$aChapbooks$zSpain.$2rbgenr
=662  \\$aSpain$dJaén$2lcsh-naf
=752  \\$aSpain$dBarcelona.
=856  40$uhttp://cudl.lib.cam.ac.uk/view/PR-G-11303-00028$yCambridge Digital Library$zItem no. T28 in G.11303
=856  40$uhttp://cudl.lib.cam.ac.uk/view/PR-12330-L-00010-00010$yCambridge Digital Library$zItem no. T10 in 12330.l.10
=859  \\$aXLD$bCambridge Digital Library
=CAT  \\$aWR14_159$b00$c20141016$lBLL01$h1656
=CAT  \\$aWR14_181$c20150323$lBLL01$h1403
=CAT  \\$aW1606-1753$c20171028$lBLL01$h1604
=SRC  \\$aBLWrongdoing
=LAS  \\$aW1606-1753$b00$c20171028$lBLL01$h1604

