=LDR  01950 am a2200481 a 4500
=001  016894251
=003  Uk
=005  20130830165933.0
=006  m\\\\||\\d\|\\\\\\
=007  cr\|||||||||||
=008  130830s1848\\\\sp\a\\\\o\\\\\000\0\spa\d
=FMT  \\$a  BK
=040  \\$aUkCU$beng$cUkCU$dUk
=245  00$aVida, usos y costumbres de las niñas cortesanas de Madrid.
=246  30$aNiñas cortesanas de Madrid
=260  \\$aMadrid :$bImprenta de D. José Marés, Corredera baja de S. Pablo, núm. 27,$c1848.
=300  \\$a1 online resource
=336  \\$atext$2rdacontent
=337  \\$acomputer$2rdamedia
=338  \\$aonline resources$2rdacarrier
=500  \\$aText printed in two columns.
=500  \\$aIn verse.
=500  \\$aTwo separate illustrations at head of title.
=500  \\$aCaption title.
=500  \\$aImprint from colophon.
=500  \\$a"Cancion de la buena-ventura": p. [4].
=599  \\$aItem no. T26 in volume 12330.l.10.$5Uk
=599  \\$aItem no. T38 in volume 12330.l.10.$5Uk
=533  \\$aElectronic Reproduction$bLondon$cBritish Library$d2012$nItem no. T26 in volume 12330.l.10.$nItem no. T38 in volume 12330.l.10.$5Uk
=650  \0$aWomen$zSpain$zMadrid$xConduct of life.
=650  \4$aMujeres$zEspaña$zMadrid$xConducta de vida.
=655  \7$aChapbooks$zSpain.$2rbgenr
=662  \\$aSpain$dMadrid$2lcsh-naf
=740  02$aCancion de la buena-ventura.
=752  \\$aSpain$dMadrid.
=856  40$uhttp://cudl.lib.cam.ac.uk/view/PR-12330-L-00010-00038$yCambridge Digital Library$zItem no. T38 in 12330.l.10
=856  40$uhttp://cudl.lib.cam.ac.uk/view/PR-12330-L-00010-00026$yCambridge Digital Library$zItem no. T26 in 12330.l.10
=859  \\$aXLD$bCambridge Digital Library
=CAT  \\$aWR14_159$b00$c20141016$lBLL01$h1656
=CAT  \\$aWR14_181$c20150323$lBLL01$h1403
=CAT  \\$aW1606-1753$c20171028$lBLL01$h1604
=SRC  \\$aBLWrongdoing
=LAS  \\$aW1606-1753$b00$c20171028$lBLL01$h1604

