=LDR  02031 am a2200493 a 4500
=001  016894277
=003  Uk
=005  20140424171240.0
=006  m\\\\||\\d\|\\\\\\
=007  cr\|||||||||||
=008  130905q17601778sp\a\\\\o\\\\\000\0\spa\d
=FMT  \\$a  BK
=040  \\$aUkCU$beng$cUkCU$dUk
=245  00$aRomance en que se declara los tragicos sucesos de un enamorado de la ciudad de Pamplona :$bhallase à la fin unas quexas que hacia la hermosa Beliza à Cupido.
=260  \\$aBarcelona :$bEn la imprenta de los herederos de Juan Jolis, en la calle de los Algodoneros,$c[between 1760 and 1778?]
=300  \\$a1 online resource
=336  \\$atext$2rdacontent
=337  \\$acomputer$2rdamedia
=338  \\$aonline resources$2rdacarrier
=500  \\$aText printed in two columns.
=500  \\$aIn verse.
=500  \\$aIllustration at head of title.
=500  \\$aCaption title.
=500  \\$aImprint from colophon.
=599  \\$aItem no. T56 in volume 12330.l.10.$5Uk
=599  \\$aItem no. T37 in volume G.11303.$5Uk
=533  \\$aElectronic Reproduction$bLondon$cBritish Library$d2012$nItem no. T56 in volume 12330.l.10.$nItem no. T37 in volume G.11303.$5Uk
=650  \0$aCrimes of passion.
=650  \4$aCrímenes de pasión.
=655  \7$aChapbooks$zSpain.$2rbgenr
=662  \\$aSpain$dPamplona$2lcsh-naf
=662  \\$aSpain$dZaragoza$2lcsh-naf
=662  \\$aSpain$dBarcelona$2lcsh-naf
=662  \\$aTunisia$2lcsh-naf
=662  \\$aItaly$dSicily$2lcsh-naf
=752  \\$aSpain$dBarcelona.
=856  40$uhttp://cudl.lib.cam.ac.uk/view/PR-G-11303-00037$yCambridge Digital Library$zItem no. T37 in G.11303
=856  40$uhttp://cudl.lib.cam.ac.uk/view/PR-12330-L-00010-00056$yCambridge Digital Library$zItem no. T56 in 12330.l.10
=859  \\$aXLD$bCambridge Digital Library
=CAT  \\$aWR14_159$b00$c20141016$lBLL01$h1656
=CAT  \\$aWR14_181$c20150323$lBLL01$h1403
=CAT  \\$aW1606-1753$c20171028$lBLL01$h1604
=SRC  \\$aBLWrongdoing
=LAS  \\$aW1606-1753$b00$c20171028$lBLL01$h1604

