=LDR  01736 am a2200433 a 4500
=001  016894284
=003  Uk
=005  20130906141534.0
=006  m\\\\||\\d\|\\\\\\
=007  cr\|||||||||||
=008  130906s1847\\\\sp\a\\\\o\\\\\000\0\spa\\
=FMT  \\$a  BK
=040  \\$aUkCU$beng$cUkCU$dUk
=245  00$aVerdadero retrato del Smo. Cristo del Paño :$bvenerado en el convento de la Merced de Cádiz.
=260  \\$aValladolid :$bImprenta de Dámaso Santaren,$c1847.
=300  \\$a1 online resource
=336  \\$atext$2rdacontent
=337  \\$acomputer$2rdamedia
=338  \\$aonline resources$2rdacarrier
=500  \\$aText printed in two columns.
=500  \\$aIn verse.
=500  \\$aIllustration at head of title.
=500  \\$aCaption title.
=500  \\$aImprint from colophon.
=599  \\$aItem no. T64 in volume 12330.l.10.$5Uk
=599  \\$aItem no. T73 in volume 12330.l.10.$5Uk
=533  \\$aElectronic Reproduction$bLondon$cBritish Library$d2012$nItem no. T64 in volume 12330.l.10.$nItem no. T73 in volume 12330.l.10.$5Uk
=650  \0$aChristian literature, Spanish.
=650  \4$aLiteratura religiosa española.
=655  \7$aChapbooks$zSpain.$2rbgenr
=752  \\$aSpain$dValladolid.
=856  40$uhttp://cudl.lib.cam.ac.uk/view/PR-12330-L-00010-00073$yCambridge Digital Library$zItem no. T73 in 12330.l.10
=856  40$uhttp://cudl.lib.cam.ac.uk/view/PR-12330-L-00010-00064$yCambridge Digital Library$zItem no. T64 in 12330.l.10
=859  \\$aXLD$bCambridge Digital Library
=CAT  \\$aWR14_159$b00$c20141016$lBLL01$h1656
=CAT  \\$aWR14_181$c20150323$lBLL01$h1403
=CAT  \\$aW1606-1753$c20171028$lBLL01$h1604
=SRC  \\$aBLWrongdoing
=LAS  \\$aW1606-1753$b00$c20171028$lBLL01$h1604

