=LDR  02416 am a2200565 a 4500
=001  016894309
=003  Uk
=005  20140602102831.0
=006  m\\\\||\\d\|\\\\\\
=007  cr\|||||||||||
=008  130912s1849\\\\sp\a\\\\o\\\\\000\0\spa\d
=FMT  \\$a  BK
=040  \\$aUkCU$beng$cUkCU$dUk
=245  00$aBraulio el asesino de Elena :$bRomance nuevo en que se refiere la atroz persecucion y horrenda muerte dada á la hermosa Elena del Valle por su criado Braulio que no pudo vencer su virtud.
=246  30$aRomance nuevo en que se refiere la atroz persecucion y horrenda muerte dada á la hermosa Elena del Valle
=260  \\$aBarcelona :$bImprenta de Ignacio Estivill, calle de la Boria,$c1849.
=300  \\$a1 online resource
=336  \\$atext$2rdacontent
=337  \\$acomputer$2rdamedia
=338  \\$aonline resources$2rdacarrier
=500  \\$aText printed in two columns.
=500  \\$aIn verse.
=500  \\$aIllustration incorporated within title.
=500  \\$aCaption title.
=500  \\$aPrinted on coloured paper.
=500  \\$aImprint from colophon.
=599  \\$aItem no. T1 in volume 1074.g.26.$5Uk
=599  \\$aItem no. T22 in volume 12330.l.8.$5Uk
=533  \\$aElectronic Reproduction$bLondon$cBritish Library$d2012$nItem no. T1 in volume 1074.g.26.$nItem no. T22 in volume 12330.l.8.$5Uk
=650  \4$aElena del Valle (Fictitious characher)
=650  \0$aRape.
=650  \0$aWomen$xCrimes against.
=650  \0$aHousehold employees.
=650  \4$aMujeres$xDelitos contra las.
=650  \4$aViolación.
=650  \4$aEmpleados domésticos.
=653  \1$aElena del Valle (Personaje ficticio)
=655  \7$aChapbooks$zSpain.$2rbgenr
=662  \\$aSpain$dValencia$2lcsh-naf
=700  1\$aEstivill, Ignacio,$dactive 1816-1852$cactive 1816-1852,$eprinter.$5Uk
=752  \\$aSpain$dBarcelona.
=856  40$uhttp://cudl.lib.cam.ac.uk/view/PR-12330-L-00008-00022$yCambridge Digital Library$zItem no. T22 in 12330.l.8
=856  40$uhttp://cudl.lib.cam.ac.uk/view/PR-01074-G-00026-00001$yCambridge Digital Library$zItem no. T1 in 1074.g.26
=859  \\$aXLD$bCambridge Digital Library
=CAT  \\$aWR14_159$b00$c20141016$lBLL01$h1656
=CAT  \\$aBATCH-UPD$b00$c20141016$lBLL01$h1710
=CAT  \\$aWR14_181$c20150323$lBLL01$h1403
=CAT  \\$aW1606-1753$c20171028$lBLL01$h1604
=SRC  \\$aBLWrongdoing
=LAS  \\$aW1606-1753$b00$c20171028$lBLL01$h1604

