=LDR  01869 am a2200493 a 4500
=001  016894315
=003  Uk
=005  20180126102136.0
=006  m\\\\||\\d\|\\\\\\
=007  cr\|||||||||||
=008  130912s1853\\\\sp\a\\\\o\\\\\000\0\spa\d
=FMT  \\$a  BK
=040  \\$aUkCU$beng$cUkCU$dUk
=245  03$aEl torero :$bcancion andaluza ; seguida de dos canciones nuevas tituladas La canela de España y La contrabandista.
=260  \\$aBarcelona :$bEn casa Juan Llorens, calle de la Palma de Sta. Catalina,$c1853$f(Imp. de J. Tauló)
=300  \\$a1 online resource
=336  \\$atext$2rdacontent
=337  \\$acomputer$2rdamedia
=338  \\$aonline resources$2rdacarrier
=500  \\$aText printed in two columns.
=500  \\$aIn verse.
=500  \\$aIllustration at head of title; additional illustration at head of p. [3].
=500  \\$aCaption title.
=500  \\$aPrinted on coloured paper.
=500  \\$aImprint from colophon.
=599  \\$aItem no. T7 in volume 1074.g.26.$5Uk
=533  \\$aElectronic Reproduction$bLondon$cBritish Library$d2012$nItem no. T7 in volume 1074.g.26.$5Uk
=650  \0$aSongs, Spanish$vTexts.
=650  \0$aBullfighters.
=650  \4$aToreros.
=653  \0$aCanciones españolas--Textos.
=655  \7$aChapbooks$zSpain.$2rbgenr
=740  02$aCanela de España.
=740  02$aContrabandista.
=752  \\$aSpain$dBarcelona.
=856  40$uhttp://cudl.lib.cam.ac.uk/view/PR-01074-G-00026-00007$yCambridge Digital Library$zItem no. T7 in 1074.g.26
=859  \\$aXLD$bCambridge Digital Library
=CAT  \\$aWR14_159$b00$c20141016$lBLL01$h1656
=CAT  \\$aWR14_181$c20150323$lBLL01$h1403
=CAT  \\$aW1606-1753$c20171028$lBLL01$h1604
=CAT  \\$a8874$b40$c20180126$lBLL01$h1010
=CAT  \\$a8874$b40$c20180126$lBLL01$h1021
=SRC  \\$aBLWrongdoing
=LAS  \\$a8874$b40$c20180126$lBLL01$h1021

