=LDR  01925 am a2200457 a 4500
=001  016894323
=003  Uk
=005  20140602095004.0
=006  m\\\\||\\d\|\\\\\\
=007  cr\|||||||||||
=008  130912s1858\\\\sp\a\\\\o\\\\\000\0\spa\d
=FMT  \\$a  BK
=040  \\$aUkCU$beng$cUkCU$dUk
=245  03$aLa buenaventura :$bde los hombres, de las mugeres : esplicada segun el mes de su nacimiento.
=246  30$aBuenaventura de las mugeres
=260  \\$aBarcelona :$bSe hallará de venta en casa Antonio Bosch, calle Baja de S. Pedro, núm. 71,$c1858$f(Imp. de La Publicidad, de Antonio Flotats, bajada de la Carcel, núm. 6)
=300  \\$a1 online resource
=336  \\$atext$2rdacontent
=337  \\$acomputer$2rdamedia
=338  \\$aonline resources$2rdacarrier
=500  \\$aText printed in two columns.
=500  \\$aIn verse.
=500  \\$aTwo separate illustrations incorporated within title.
=500  \\$aCaption title.
=500  \\$aPrinted on coloured paper.
=500  \\$aImprint from colophon.
=599  \\$aItem no. T15 in volume 1074.g.26.$5Uk
=599  \\$aItem no. T17 in volume 12330.l.8.$5Uk
=533  \\$aElectronic Reproduction$bLondon$cBritish Library$d2012$nItem no. T15 in volume 1074.g.26.$nItem no. T17 in volume 12330.l.8.$5Uk
=650  \0$aFortune telling.
=650  \4$aBuenaventura.
=655  \7$aChapbooks$zSpain.$2rbgenr
=752  \\$aSpain$dBarcelona.
=856  40$uhttp://cudl.lib.cam.ac.uk/view/PR-12330-L-00008-00017$yCambridge Digital Library$zItem no. T17 in 12330.l.8
=856  40$uhttp://cudl.lib.cam.ac.uk/view/PR-01074-G-00026-00015$yCambridge Digital Library$zItem no. T15 in 1074.g.26
=859  \\$aXLD$bCambridge Digital Library
=CAT  \\$aWR14_159$b00$c20141016$lBLL01$h1656
=CAT  \\$aWR14_181$c20150323$lBLL01$h1403
=CAT  \\$aW1606-1753$c20171028$lBLL01$h1604
=SRC  \\$aBLWrongdoing
=LAS  \\$aW1606-1753$b00$c20171028$lBLL01$h1604

