=LDR  02390 am a2200493 a 4500
=001  016894419
=003  Uk
=005  20140602101008.0
=006  m\\\\||\\d\|\\\\\\
=007  cr\|||||||||||
=008  131108q18161852sp\a\\\\o\\\\\000\0\cat\\
=FMT  \\$a  BK
=040  \\$aUkCU$beng$cUkCU$dUk
=245  00$aRahonament y coloqui nou :$ben el que es refereix els grans casos que li pasaren á Nélo el tripero, natural de Valensia, fill del carrer de Cañete, chic mólt hábil pera el estudio de la uña : y en lo demés que vorá el curios lector en esta primera part.
=260  \\$aBarcelona :$bImprenta de Ignacio Estivill, calle de la Boria,$c[between 1816 and 1852]
=300  \\$a1 online resource
=336  \\$atext$2rdacontent
=337  \\$acomputer$2rdamedia
=338  \\$aonline resources$2rdacarrier
=500  \\$aText printed in two columns.
=500  \\$aIn verse.
=500  \\$aIllustration at head of title; second part with additional illustration at head of title.
=500  \\$aCaption title.
=500  \\$aImprint from colophon.
=500  \\$aIn two parts. Part two has title: "Segona part de Nélo El tripero."
=599  \\$aPt. 1 is item no. 4a in volume 1074.g.24; pt. 2 is item no. 4b in volume 1074.g.24.$5UkCU
=599  \\$aItem no. T4a in volume 1074.g.24.$5Uk
=533  \\$aElectronic Reproduction$bLondon$cBritish Library$d2012$nPt. 1 is item no. 4a in volume 1074.g.24; pt. 2 is item no. 4b in volume 1074.g.24.$nItem no. T4a in volume 1074.g.24.$5Uk
=650  \0$aSatire, Spanish.
=650  \4$aSátira española.
=655  \7$aChapbooks$zSpain.$2rbgenr
=662  \\$aSpain$dValencia$2lcsh-naf
=700  1\$aEstivill, Ignacio,$dactive 1816-1852$cactive 1816-1852,$eprinter.$5Uk
=740  02$aSegona part Nélo El tripero.
=752  \\$aSpain$dBarcelona.
=856  40$uhttp://cudl.lib.cam.ac.uk/view/PR-01074-G-00024-00004-A$yCambridge Digital Library$zItem no. T4a in 1074.g.24
=856  40$uhttp://cudl.lib.cam.ac.uk/view/PR-01074-G-00024-00004-A$yCambridge Digital Library$zItems 4a, 4b in 1074.g.24
=859  \\$aXLD$bCambridge Digital Library
=CAT  \\$aWR14_159$b00$c20141016$lBLL01$h1656
=CAT  \\$aBATCH-UPD$b00$c20141016$lBLL01$h1710
=CAT  \\$aWR14_181$c20150323$lBLL01$h1403
=CAT  \\$aW1606-1753$c20171028$lBLL01$h1604
=SRC  \\$aBLWrongdoing
=LAS  \\$aW1606-1753$b00$c20171028$lBLL01$h1604

