=LDR  02143 am a2200505 a 4500
=001  016894481
=003  Uk
=005  20131122170237.0
=006  m\\\\||\\d\|\\\\\\
=007  cr\|||||||||||
=008  131122q17801860sp\a\\\\o\\\\\000\0\spa\d
=FMT  \\$a  BK
=040  \\$aUkCU$beng$cUkCU$dUk
=245  00$aRomance lastimoso de un caso que ha sucedido nuevamente en la ciudad de Teruel con un caballero que por logrero y avariento fué un angel por mandado de Dios à pedirle una limosna y avisarle de la perdicion de su alma :$bdase cuenta como lo despreció y el castigo que tuvo : sucedió el dia 20 de enero de este presente año : primera parte.
=260  \\$a[S.l. :$bs.n.,$cbetween 1780 and 1860]
=300  \\$a1 online resource
=336  \\$atext$2rdacontent
=337  \\$acomputer$2rdamedia
=338  \\$aonline resources$2rdacarrier
=500  \\$aText printed in two columns.
=500  \\$aIn verse.
=500  \\$aTwo separate illustrations at head of title.
=500  \\$aCaption title.
=500  \\$aImprint from colophon.
=500  \\$a"(390)"
=500  \\$aIn two parts.
=599  \\$aItem no. T64 in volume 1074.g.24.$5Uk
=599  \\$aItem no. T64a in volume 1074.g.24.$5Uk
=533  \\$aElectronic Reproduction$bLondon$cBritish Library$d2012$nItem no. T64 in volume 1074.g.24.$nItem no. T64a in volume 1074.g.24.$5Uk
=650  \0$aJudgment of God.
=650  \0$aChristianity and justice.
=650  \0$aAvarice.
=650  \4$aAvaricia.
=653  \0$aJusticia divina.
=655  \7$aChapbooks$zSpain.$2rbgenr
=662  \\$aSpain$dTeruel$2lcsh-naf
=752  \\$aSpain$dMálaga.
=856  40$uhttp://cudl.lib.cam.ac.uk/view/PR-01074-G-00024-00064-A$yCambridge Digital Library$zItem no. T64a in 1074.g.24
=856  40$uhttp://cudl.lib.cam.ac.uk/view/PR-01074-G-00024-00064$yCambridge Digital Library$zItem no. T64 in 1074.g.24
=859  \\$aXLD$bCambridge Digital Library
=CAT  \\$aWR14_159$b00$c20141016$lBLL01$h1656
=CAT  \\$aWR14_181$c20150323$lBLL01$h1403
=CAT  \\$aW1606-1753$c20171028$lBLL01$h1604
=SRC  \\$aBLWrongdoing
=LAS  \\$aW1606-1753$b00$c20171028$lBLL01$h1604

