=LDR  01807 am a2200457 a 4500
=001  016894523
=003  Uk
=005  20140221165407.0
=006  m\\\\||\\d\|\\\\\\
=007  cr\|||||||||||
=008  131204s1844\\\\sp\a\\\\o\\\\\000\0\spa\d
=FMT  \\$a  BK
=040  \\$aUkCU$beng$cUkCU$dUk
=245  00$aDécimas glosadas y sin glosar.
=260  \\$aTeruel :$bEs propiedad de D. Juan Garcia ... libreria sita en la plaza del mercado de Teruel,$cAño 1844.
=300  \\$a1 online resource
=336  \\$atext$2rdacontent
=337  \\$acomputer$2rdamedia
=338  \\$aonline resources$2rdacarrier
=500  \\$aText printed in two columns.
=500  \\$aIn verse.
=500  \\$aIllustrations at head of title.
=500  \\$aCaption title.
=500  \\$aImprint from colophon.
=500  \\$a"Núm. 16."
=505  0\$aRedondilla -- El sueño -- Epigramas.
=599  \\$aItem no. T106 in volume 1074.g.24.$5Uk
=599  \\$aItem no. T7 in volume 12330_l_22_v5.$5Uk
=533  \\$aElectronic Reproduction$bLondon$cBritish Library$d2012$nItem no. T106 in volume 1074.g.24.$nItem no. T7 in volume 12330_l_22_v5.$5Uk
=650  \0$aSongs, Spanish$vTexts.
=653  \0$aCanciones españolas--Textos.
=655  \7$aChapbooks$zSpain.$2rbgenr
=752  \\$aSpain$dTeruel.
=856  40$uhttp://cudl.lib.cam.ac.uk/view/PR-12330-L-00022-V5-00007$yCambridge Digital Library$zItem no. T7 in 12330_l_22_v5
=856  40$uhttp://cudl.lib.cam.ac.uk/view/PR-01074-G-00024-00106$yCambridge Digital Library$zItem no. T106 in 1074.g.24
=859  \\$aXLD$bCambridge Digital Library
=CAT  \\$aWR14_159$b00$c20141016$lBLL01$h1656
=CAT  \\$aWR14_181$c20150323$lBLL01$h1403
=CAT  \\$aW1606-1753$c20171028$lBLL01$h1604
=SRC  \\$aBLWrongdoing
=LAS  \\$aW1606-1753$b00$c20171028$lBLL01$h1604

