=LDR  01622 am a2200433 a 4500
=001  016894567
=003  Uk
=005  20140526152127.0
=006  m\\\\||\\d\|\\\\\\
=007  cr\|||||||||||
=008  131209q17571837sp\a\\\\o\\\\\000\0\spa\\
=FMT  \\$a  BK
=040  \\$aUkCU$beng$cUkCU$dUk
=245  00$aRelacion nueva :$bFavorecer a las damas /$cde un ingenio sevillano.
=246  3\$aFavorecer a las damas
=260  \\$a[S.l. :$bs.n.,$cbetween 1757 and 1837]
=300  \\$a1 online resource
=336  \\$atext$2rdacontent
=337  \\$acomputer$2rdamedia
=338  \\$aonline resources$2rdacarrier
=500  \\$aText printed in two columns.
=500  \\$aIn verse.
=500  \\$aIllustrations incorporated within title.
=500  \\$aCaption title.
=599  \\$aItem no. T14 in volume 11450.h.5.$5Uk
=599  \\$aItem no. T72 in volume T.1953.$5Uk
=533  \\$aElectronic Reproduction$bLondon$cBritish Library$d2012$nItem no. T14 in volume 11450.h.5.$nItem no. T72 in volume T.1953.$5Uk
=650  \0$aWomen.
=650  \4$aMujeres.
=650  \4$aToros.
=655  \7$aChapbooks$zSpain.$2rbgenr
=856  40$uhttp://cudl.lib.cam.ac.uk/view/PR-T-01953-00072$yCambridge Digital Library$zItem no. T72 in T.1953
=856  40$uhttp://cudl.lib.cam.ac.uk/view/PR-11450-H-00005-00014$yCambridge Digital Library$zItem no. T14 in 11450.h.5
=859  \\$aXLD$bCambridge Digital Library
=CAT  \\$aWR14_159$b00$c20141016$lBLL01$h1656
=CAT  \\$aWR14_181$c20150323$lBLL01$h1403
=CAT  \\$aW1606-1753$c20171028$lBLL01$h1604
=SRC  \\$aBLWrongdoing
=LAS  \\$aW1606-1753$b00$c20171028$lBLL01$h1604

