=LDR  02966 am a2200517 a 4500
=001  016894605
=003  Uk
=005  20140530172938.0
=006  m\\\\||\\d\|\\\\\\
=007  cr\|||||||||||
=008  131213s1759\\\\sp\a\\\\o\\\\\000\0\spa\d
=FMT  \\$a  BK
=040  \\$aUkCU$beng$cUkCU$dUk
=245  00$aDe Don Joseph de Sylva :$bNuevo y curioso romance en que se refiere la historia de este cavallero : como se enamorò de una dama y, por ruegos de sus padres se ordenò sacerdote, y como por haverlo bautizado con agua rosada se dieron por nulas las ordenes : como lo verà el curioso lector : primera parte.
=246  30$aNuevo y curioso romance en que se refiere la historia de este cavallero
=260  \\$aCon licencia en Madrid :$bEn la imprenta de Francisco Xavier Garcia, calle de los Capellanes, se hallarà en la Lonja de papel de Andrès de Sotos, mas abaxo de la Portería de San Martin,$caño 1759.
=300  \\$a1 online resource
=336  \\$atext$2rdacontent
=337  \\$acomputer$2rdamedia
=338  \\$aonline resources$2rdacarrier
=500  \\$aText printed in two columns.
=500  \\$aIn verse.
=500  \\$aTwo separate illustrations at head of title; second part with two additional illustrations at head of title.
=500  \\$aCaption title.
=500  \\$aImprint from colophon.
=500  \\$aIn two parts. Part two has title: "De Don Joseph de Sylva : Nuevo y curioso romance en que se declara como este cavallero fuè à Roma y le dispensaron el te tomàra el estado que quisiera : tambien se refiere como una dama de quien estaba enamorado diò muerte à un cavallero que la gozò con engaños y como haviendo este cavallero buelto de Roma, se casò con ella, con todo lo demàs que verà el curioso letor en esta segunda parte."
=599  \\$aItem no. T74 in volume 11450.h.5.$5Uk
=599  \\$aItem no. T20 in volume T.1958.$5Uk
=533  \\$aElectronic Reproduction$bLondon$cBritish Library$d2012$nItem no. T74 in volume 11450.h.5.$nItem no. T20 in volume T.1958.$5Uk
=650  \4$aJoseph de Silva (Fictitious character)
=650  \0$aPriests.
=650  \4$aSacerdotes.
=653  \1$aJoseph de Silva (Personaje ficticio)
=655  \7$aChapbooks$zSpain.$2rbgenr
=662  \\$aItaly$dRome$2lcsh-naf
=700  1\$aGarcia, Francisco Xavier,$d1753-approximately 1781,$eprinter.$5Uk
=700  1\$aSotos, Andrés de,$dactive 1764-1792,$ebookseller.$5Uk
=752  \\$aSpain$dMadrid.
=856  40$uhttp://cudl.lib.cam.ac.uk/view/PR-T-01958-00020$yCambridge Digital Library$zItem no. T20 in T.1958
=856  40$uhttp://cudl.lib.cam.ac.uk/view/PR-11450-H-00005-00074$yCambridge Digital Library$zItem no. T74 in 11450.h.5
=859  \\$aXLD$bCambridge Digital Library
=CAT  \\$aWR14_159$b00$c20141016$lBLL01$h1656
=CAT  \\$aWR14_181$c20150323$lBLL01$h1403
=CAT  \\$aW1606-1753$c20171028$lBLL01$h1604
=SRC  \\$aBLWrongdoing
=LAS  \\$aW1606-1753$b00$c20171028$lBLL01$h1604

