=LDR  02330 am a2200541 a 4500
=001  016894620
=003  Uk
=005  20140530104016.0
=006  m\\\\||\\d\|\\\\\\
=007  cr\|||||||||||
=008  140117q17461774sp\a\\\\o\\\\\000\0\spa\d
=FMT  \\$a  BK
=040  \\$aUkCU$beng$cUkCU$dUk
=245  00$aPrimera parte del nuevo y curioso romance en que se declara la desastrada vida y admirable conversion de la hechicera de Cartagena, llamada Ana Maria de Prados.
=260  \\$aSe hallarà en Valencia :$bEn la imprenta de Agustin Laborda, vive en la Bolserìa, delante de la calle de las Monjas de la Puridad,$c[between 1746 and 1774]
=300  \\$a1 online resource
=336  \\$atext$2rdacontent
=337  \\$acomputer$2rdamedia
=338  \\$aonline resources$2rdacarrier
=500  \\$aText printed in two columns.
=500  \\$aIn verse.
=500  \\$aTwo separate illustrations at head of title; second part with two additional illustrations at head of title.
=500  \\$aCaption title.
=500  \\$aImprint from colophon.
=500  \\$aIn two parts. Part two has title: "Segunda parte de la hechicera de Cartagena."
=599  \\$aItem no. T90 in volume 11450.h.5.$5Uk
=599  \\$aItem no. T28 in volume T.1958.$5Uk
=533  \\$aElectronic Reproduction$bLondon$cBritish Library$d2012$nItem no. T90 in volume 11450.h.5.$nItem no. T28 in volume T.1958.$5Uk
=650  \4$aAna Maria de Prados (Fictitious character)
=650  \0$aSin.
=650  \0$aDevil.
=650  \0$aMagicians.
=650  \4$aDemonio.
=650  \4$aPecado.
=650  \4$aHechiceros.
=653  \1$aAna Maria de Prados (Personaje ficticio)
=655  \7$aChapbooks$zSpain.$2rbgenr
=662  \\$aSpain$dCartagena$2lcsh-naf
=740  02$aSegunda parte de la hechicera de Cartagena.
=752  \\$aSpain$dValencia.
=856  40$uhttp://cudl.lib.cam.ac.uk/view/PR-T-01958-00028$yCambridge Digital Library$zItem no. T28 in T.1958
=856  40$uhttp://cudl.lib.cam.ac.uk/view/PR-11450-H-00005-00090$yCambridge Digital Library$zItem no. T90 in 11450.h.5
=859  \\$aXLD$bCambridge Digital Library
=CAT  \\$aWR14_159$b00$c20141016$lBLL01$h1656
=CAT  \\$aWR14_181$c20150323$lBLL01$h1403
=CAT  \\$aW1606-1753$c20171028$lBLL01$h1604
=SRC  \\$aBLWrongdoing
=LAS  \\$aW1606-1753$b00$c20171028$lBLL01$h1604

