=LDR  01664 am a2200421 a 4500
=001  016894628
=003  Uk
=005  20140523145720.0
=006  m\\\\||\\d\|\\\\\\
=007  cr\|||||||||||
=008  140117s1757\\\\sp\\\\\\o\\\\\000\0\spa\d
=FMT  \\$a  BK
=040  \\$aUkCU$beng$cUkCU$dUk
=245  00$aSoliloquio en que un amante, filosofandose sus sospechas y dudas, resuelve amar al objeto de sus passiones /$cpor un ingenio valenciano.
=260  \\$aCon licencia en Valencia :$bPor Agustin Laborda,$caño 1757.
=300  \\$a1 online resource
=336  \\$atext$2rdacontent
=337  \\$acomputer$2rdamedia
=338  \\$aonline resources$2rdacarrier
=500  \\$aText printed in two columns.
=500  \\$aIn verse.
=500  \\$aCaption title.
=500  \\$aImprint from colophon.
=599  \\$aItem no. T98 in volume 11450.h.5.$5Uk
=599  \\$aItem no. T25 in volume T.1953.$5Uk
=533  \\$aElectronic Reproduction$bLondon$cBritish Library$d2012$nItem no. T98 in volume 11450.h.5.$nItem no. T25 in volume T.1953.$5Uk
=650  \0$aLove.
=650  \4$aAmor.
=655  \7$aChapbooks$zSpain.$2rbgenr
=752  \\$aSpain$dValencia.
=856  40$uhttp://cudl.lib.cam.ac.uk/view/PR-T-01953-00025$yCambridge Digital Library$zItem no. T25 in T.1953
=856  40$uhttp://cudl.lib.cam.ac.uk/view/PR-11450-H-00005-00098$yCambridge Digital Library$zItem no. T98 in 11450.h.5
=859  \\$aXLD$bCambridge Digital Library
=CAT  \\$aWR14_159$b00$c20141016$lBLL01$h1656
=CAT  \\$aWR14_181$c20150323$lBLL01$h1403
=CAT  \\$aW1606-1753$c20171028$lBLL01$h1604
=SRC  \\$aBLWrongdoing
=LAS  \\$aW1606-1753$b00$c20171028$lBLL01$h1604

