=LDR  01824 am a2200457 a 4500
=001  016894670
=003  Uk
=005  20140306155146.0
=006  m\\\\||\\d\|\\\\\\
=007  cr\|||||||||||
=008  140124q18151854sp\a\\\\o\\\\\000\0\spa\d
=FMT  \\$a  BK
=040  \\$aUkCU$beng$cUkCU$dUk
=245  00$aTrobos nuevos que refieren el delicioso estado del matrimonio :$bque vivan bien unidos.
=260  \\$aBarcelona :$bPor Francisco Vallés, calle del Pino,$c[between 1815 and 1854?]
=300  \\$a1 online resource
=336  \\$atext$2rdacontent
=337  \\$acomputer$2rdamedia
=338  \\$aonline resources$2rdacarrier
=500  \\$aText printed in two columns.
=500  \\$aIn verse.
=500  \\$aTwo separate illustrations at head of title.
=500  \\$aCaption title.
=500  \\$aImprint from colophon.
=599  \\$aItem no. T29 in volume 11450.ee.6.$5Uk
=599  \\$aItem no. T74 in volume 12330_l_22_v5.$5Uk
=533  \\$aElectronic Reproduction$bLondon$cBritish Library$d2012$nItem no. T29 in volume 11450.ee.6.$nItem no. T74 in volume 12330_l_22_v5.$5Uk
=650  \0$aSongs, Spanish$vTexts.
=650  \0$aMarriage.
=650  \4$aMatrimonio.
=653  \0$aCanciones españolas--Textos.
=655  \7$aChapbooks$zSpain.$2rbgenr
=752  \\$aSpain$dBarcelona.
=856  40$uhttp://cudl.lib.cam.ac.uk/view/PR-12330-L-00022-V5-00074$yCambridge Digital Library$zItem no. T74 in 12330_l_22_v5
=856  40$uhttp://cudl.lib.cam.ac.uk/view/PR-11450-EE-00006-00029$yCambridge Digital Library$zItem no. T29 in 11450.ee.6
=859  \\$aXLD$bCambridge Digital Library
=CAT  \\$aWR14_159$b00$c20141016$lBLL01$h1656
=CAT  \\$aWR14_181$c20150323$lBLL01$h1403
=CAT  \\$aW1606-1753$c20171028$lBLL01$h1604
=SRC  \\$aBLWrongdoing
=LAS  \\$aW1606-1753$b00$c20171028$lBLL01$h1604

