=LDR  02142 am a2200481 a 4500
=001  016894773
=003  Uk
=005  20140508170658.0
=006  m\\\\||\\d\|\\\\\\
=007  cr\|||||||||||
=008  140203q17601778sp\a\\\\o\\\\\000\0\spa\d
=FMT  \\$a  BK
=040  \\$aUkCU$beng$cUkCU$dUk
=245  00$aSatyra graciosa y muy entretenida, para reir y pasar el tiempo, despues de la barriga llena, y no de caldo de campana, en que se declara el litigio que tuvieron una suegra y nuera, hasta llegar á tirarse de los cabellos y darse cozcorrones, y el marido que estaba fuera de casa entró al ruido, y cogiendo un palo, les sacudió las costillas.
=260  \\$aBarcelona :$bEn la imprenta de los Herederos de Juan Jolis, en la calle de los Algodoneros,$c[between 1760 and 1778?]
=300  \\$a1 online resource
=336  \\$atext$2rdacontent
=337  \\$acomputer$2rdamedia
=338  \\$aonline resources$2rdacarrier
=500  \\$aText printed in two columns.
=500  \\$aIn verse.
=500  \\$aThree separate illustrations at head of title.
=500  \\$aCaption title.
=500  \\$aImprint from colophon.
=599  \\$aItem no. T11 in volume 11451_ee_7.$5Uk
=599  \\$aItem no. T67 in volume G.11303.$5Uk
=533  \\$aElectronic Reproduction$bLondon$cBritish Library$d2012$nItem no. T11 in volume 11451_ee_7.$nItem no. T67 in volume G.11303.$5Uk
=650  \0$aSatire, Spanish.
=650  \0$aMothers-in-law.
=650  \0$aDaughters-in-law.
=650  \4$aSátira española.
=650  \4$aSuegras.
=650  \4$aNueras.
=655  \7$aChapbooks$zSpain.$2rbgenr
=752  \\$aSpain$dBarcelona.
=856  40$uhttp://cudl.lib.cam.ac.uk/view/PR-G-11303-00067$yCambridge Digital Library$zItem no. T67 in G.11303
=856  40$uhttp://cudl.lib.cam.ac.uk/view/PR-11451-EE-00007-00011$yCambridge Digital Library$zItem no. T11 in 11451_ee_7
=859  \\$aXLD$bCambridge Digital Library
=CAT  \\$aWR14_159$b00$c20141016$lBLL01$h1656
=CAT  \\$aWR14_181$c20150323$lBLL01$h1403
=CAT  \\$aW1606-1753$c20171028$lBLL01$h1604
=SRC  \\$aBLWrongdoing
=LAS  \\$aW1606-1753$b00$c20171028$lBLL01$h1604

