=LDR  02099 am a2200445 a 4500
=001  016894786
=003  Uk
=005  20140602093831.0
=006  m\\\\||\\d\|\\\\\\
=007  cr\|||||||||||
=008  140207q16791705sp\a\\\\o\\\\\000\0\spa\\
=FMT  \\$a  BK
=040  \\$aUkCU$beng$cUkCU$dUk
=100  1\$aGonzales de Legaria, Juan.
=245  10$aObra nueva y muy gustosa para reyr y passar tiempo :$bcuenta lo que le aconteció à un soldado con un gato que le llevó una libra de atun, y à una moza otra libra de ternera, y las amenazas que el soldado y moza hazen al gato, al modo del romance que dice, mira Zayde que te aviso : y otro romance que en respuesta dá el gato, con un villancico al fin /$ccompuesta nuevamente por Juan Gonzales de Legaria, natural de la villa de Viana.
=260  \\$aCon licencia, Barcelona :$bPor Juan Jolis, en la calle de los Algodonerns,$c[between 1679 and 1705]
=300  \\$a1 online resource
=336  \\$atext$2rdacontent
=337  \\$acomputer$2rdamedia
=338  \\$aonline resources$2rdacarrier
=500  \\$aText printed in two columns.
=500  \\$aTwo separate illustrations on title page.
=500  \\$aIn verse.
=599  \\$aItem no. T18 in volume 11450.h.6.$5Uk
=599  \\$aItem no. T70 in volume G.11303.$5Uk
=533  \\$aElectronic Reproduction$bLondon$cBritish Library$d2012$nItem no. T18 in volume 11450.h.6.$nItem no. T70 in volume G.11303.$5Uk
=650  \0$aParody.
=650  \4$aParodia.
=650  \4$aSoldados.
=650  \4$aGatos.
=655  \7$aChapbooks$zSpain.$2rbgenr
=752  \\$aSpain$dBarcelona.
=856  40$uhttp://cudl.lib.cam.ac.uk/view/PR-G-11303-00070$yCambridge Digital Library$zItem no. T70 in G.11303
=856  40$uhttp://cudl.lib.cam.ac.uk/view/PR-11450-H-00006-00018$yCambridge Digital Library$zItem no. T18 in 11450.h.6
=859  \\$aXLD$bCambridge Digital Library
=CAT  \\$aWR14_159$b00$c20141016$lBLL01$h1656
=CAT  \\$aWR14_181$c20150323$lBLL01$h1403
=CAT  \\$aW1606-1753$c20171028$lBLL01$h1604
=SRC  \\$aBLWrongdoing
=LAS  \\$aW1606-1753$b00$c20171028$lBLL01$h1604

