=LDR  02065 am a2200469 a 4500
=001  016894888
=003  Uk
=005  20140227155714.0
=006  m\\\\||\\d\|\\\\\\
=007  cr\|||||||||||
=008  140227s1863\\\\sp\a\\\\o\\\\\000\0\spa\d
=FMT  \\$a  BK
=040  \\$aUkCU$beng$cUkCU$dUk
=245  00$aSermon burlesco para representarle en cualquier funcion, en el que se da zurra a todo monigote /$ccompuesto por el bachiller Descuerna-Cabras, tejedor de pergaminos, capador de ranas, gran maestre de la órden del Mosto, graduado en la Universidad de Jauja, y primo en sesto grado por línea transversal de Baco.
=260  \\$aCarmona :$bImp. y librería de D. José M. Moreno,$c1863.
=300  \\$a1 online resource
=336  \\$atext$2rdacontent
=337  \\$acomputer$2rdamedia
=338  \\$aonline resources$2rdacarrier
=500  \\$aText printed in two columns.
=500  \\$aIn verse.
=500  \\$aIllustration at head of title.
=500  \\$aCaption title.
=500  \\$aImprint from colophon.
=500  \\$a"Núm. 335."
=599  \\$aItem no. T18 in volume 12330_l_22_v5.$5Uk
=599  \\$aItem no. T19 in volume 12330_l_22_v5.$5Uk
=533  \\$aElectronic Reproduction$bLondon$cBritish Library$d2012$nItem no. T18 in volume 12330_l_22_v5.$nItem no. T19 in volume 12330_l_22_v5.$5Uk
=650  \0$aReligious satire, Spanish.
=650  \0$aAlcohol
=650  \4$aSátira religiosa española.
=650  \4$aAlcohol.
=655  \7$aChapbooks$zSpain.$2rbgenr
=752  \\$aSpain$dCarmona (Seville)
=856  40$uhttp://cudl.lib.cam.ac.uk/view/PR-12330-L-00022-V5-00019$yCambridge Digital Library$zItem no. T19 in 12330_l_22_v5
=856  40$uhttp://cudl.lib.cam.ac.uk/view/PR-12330-L-00022-V5-00018$yCambridge Digital Library$zItem no. T18 in 12330_l_22_v5
=859  \\$aXLD$bCambridge Digital Library
=CAT  \\$aWR14_159$b00$c20141016$lBLL01$h1656
=CAT  \\$aWR14_181$c20150323$lBLL01$h1403
=CAT  \\$aW1606-1753$c20171028$lBLL01$h1604
=SRC  \\$aBLWrongdoing
=LAS  \\$aW1606-1753$b00$c20171028$lBLL01$h1604

