=LDR  01814 am a2200469 a 4500
=001  016894902
=003  Uk
=005  20140811094802.0
=006  m\\\\||\\d\|\\\\\\
=007  cr\|||||||||||
=008  140228s1874\\\\sp\a\\\\o\\\\\000\0\spa\d
=FMT  \\$a  BK
=040  \\$aUkCU$beng$cUkCU$dUk
=245  00$aRelacion jocosa de la calabaza y el vino /$ccompuesta por un ingenio que se meneaba.
=260  \\$aMadrid :$bDespacho de Marés y Compañía, calle de Juanelo, núm. 19,$c1874.
=300  \\$a1 online resource
=336  \\$atext$2rdacontent
=337  \\$acomputer$2rdamedia
=338  \\$aonline resources$2rdacarrier
=500  \\$aText printed in two columns.
=500  \\$aIn verse.
=500  \\$aIllustration at head of title.
=500  \\$aCaption title.
=500  \\$aImprint from colophon.
=500  \\$a"(Núm. 59.)"
=599  \\$aItem no. T38 in volume 12330_l_22_v5.$5Uk
=599  \\$aItem no. T69 in volume 12330.l.2.$5Uk
=533  \\$aElectronic Reproduction$bLondon$cBritish Library$d2012$nItem no. T38 in volume 12330_l_22_v5.$nItem no. T69 in volume 12330.l.2.$5Uk
=650  \0$aAlcohol.
=650  \0$aSatire, Spanish.
=650  \4$aAlcohol.
=650  \4$aSátira española.
=655  \7$aChapbooks$zSpain.$2rbgenr
=752  \\$aSpain$dMadrid.
=856  40$uhttp://cudl.lib.cam.ac.uk/view/PR-12330-L-00002-00069$yCambridge Digital Library$zItem no. T69 in 12330.l.2
=856  40$uhttp://cudl.lib.cam.ac.uk/view/PR-12330-L-00022-V5-00038$yCambridge Digital Library$zItem no. T38 in 12330_l_22_v5
=859  \\$aXLD$bCambridge Digital Library
=CAT  \\$aWR14_159$b00$c20141016$lBLL01$h1656
=CAT  \\$aWR14_181$c20150323$lBLL01$h1403
=CAT  \\$aW1606-1753$c20171028$lBLL01$h1604
=SRC  \\$aBLWrongdoing
=LAS  \\$aW1606-1753$b00$c20171028$lBLL01$h1604

