=LDR  02446 am a2200541 a 4500
=001  016894916
=003  Uk
=005  20140314124548.0
=006  m\\\\||\\d\|\\\\\\
=007  cr\|||||||||||
=008  140303s18141858sp\a\\\\o\\\\\000\0\spa\d
=FMT  \\$a  BK
=040  \\$aUkCU$beng$cUkCU$dUk
=245  00$aJacara nueva en que se refiere un lastimoso caso que sucedió á una doncella de la ciudad de Trujillo á la cual un amante suyo la sacó de su casa, engañada con palabra de casamiento, dejandola despues en Sierra Morena :$by el ejemplar castigo que en él y á un primo suyo se ejecutó, como lo verá el curioso lector.
=260  \\$aBarcelona :$bEn la Imprenta de José Rubió, calle de la Libreteria, vendese en la Libreria de Coll, calle de la Boqueria,$c[between 1814 and 1858?]
=300  \\$a1 online resource
=336  \\$atext$2rdacontent
=337  \\$acomputer$2rdamedia
=338  \\$aonline resources$2rdacarrier
=500  \\$aText printed in two columns.
=500  \\$aIn verse.
=500  \\$aTwo separate illustrations at head of title.
=500  \\$aCaption title.
=500  \\$aImprint from colophon.
=599  \\$aItem no. T52 in volume 12330_l_22_v5.$5Uk
=599  \\$aItem no. T107 in volume 12330_l_22_v5.$5Uk
=533  \\$aElectronic Reproduction$bLondon$cBritish Library$d2012$nItem no. T52 in volume 12330_l_22_v5.$nItem no. T107 in volume 12330_l_22_v5.$5Uk
=650  \4$aRosaura (Fictitious character)
=650  \0$aWomen$xCrimes against.
=650  \0$aRape victims.
=650  \0$aRevenge.
=650  \4$aMujeres$xDelitos contra las.
=650  \4$aVíctimas de la violación.
=650  \4$aVenganza.
=653  \0$aAlevosía.
=653  \1$aRosaura (Personaje ficticio)
=655  \7$aChapbooks$zSpain.$2rbgenr
=662  \\$aSpain$dTrujillo (Cáceres)$2lcsh-naf
=662  \\$aSpain$gSierra Morena$2lcsh-naf
=752  \\$aSpain$dBarcelona.
=856  40$uhttp://cudl.lib.cam.ac.uk/view/PR-12330-L-00022-V5-00107$yCambridge Digital Library$zItem no. T107 in 12330_l_22_v5
=856  40$uhttp://cudl.lib.cam.ac.uk/view/PR-12330-L-00022-V5-00052$yCambridge Digital Library$zItem no. T52 in 12330_l_22_v5
=859  \\$aXLD$bCambridge Digital Library
=CAT  \\$aWR14_159$b00$c20141016$lBLL01$h1656
=CAT  \\$aWR14_181$c20150323$lBLL01$h1403
=CAT  \\$aW1606-1753$c20171028$lBLL01$h1604
=SRC  \\$aBLWrongdoing
=LAS  \\$aW1606-1753$b00$c20171028$lBLL01$h1604

