=LDR  01898 am a2200457 a 4500
=001  016894928
=003  Uk
=005  20140424173140.0
=006  m\\\\||\\d\|\\\\\\
=007  cr\|||||||||||
=008  140303q17601778sp\a\\\\o\\\\\000\0\spa\\
=FMT  \\$a  BK
=040  \\$aUkCU$beng$cUkCU$dUk
=245  00$aRomance de la bella Celia, que adora, y su respuesta :$by ahora se ha añadido una letrilla que dice Fuego de Dios en el querer bien.
=260  \\$aBarcelona :$bEn la imprenta de los Herederos de Juan Jolis, en la calle de los Algodoneros,$c[between 1760 and 1778?]
=300  \\$a1 online resource
=336  \\$atext$2rdacontent
=337  \\$acomputer$2rdamedia
=338  \\$aonline resources$2rdacarrier
=500  \\$aText printed in two columns.
=500  \\$aIn verse.
=500  \\$aIllustration at head of title.
=500  \\$aCaption title.
=500  \\$aImprint from colophon.
=599  \\$aItem no. T68 in volume 12330_l_22_v5.$5Uk
=599  \\$aItem no. T41 in volume G.11303.$5Uk
=533  \\$aElectronic Reproduction$bLondon$cBritish Library$d2012$nItem no. T68 in volume 12330_l_22_v5.$nItem no. T41 in volume G.11303.$5Uk
=650  \0$aRepentance.
=650  \0$aChristian literature, Spanish.
=650  \4$aArrepentimiento.
=650  \4$aLiteratura religiosa española.
=655  \7$aChapbooks$zSpain.$2rbgenr.
=752  \\$aSpain$dBarcelona.
=856  40$uhttp://cudl.lib.cam.ac.uk/view/PR-G-11303-00041$yCambridge Digital Library$zItem no. T41 in G.11303
=856  40$uhttp://cudl.lib.cam.ac.uk/view/PR-12330-L-00022-V5-00068$yCambridge Digital Library$zItem no. T68 in 12330_l_22_v5
=859  \\$aXLD$bCambridge Digital Library
=CAT  \\$aWR14_159$b00$c20141016$lBLL01$h1656
=CAT  \\$aWR14_181$c20150323$lBLL01$h1403
=CAT  \\$aW1606-1753$c20171028$lBLL01$h1604
=SRC  \\$aBLWrongdoing
=LAS  \\$aW1606-1753$b00$c20171028$lBLL01$h1604

