=LDR  01850 am a2200433 a 4500
=001  016894936
=003  Uk
=005  20140509152638.0
=006  m\\\\||\\d\|\\\\\\
=007  cr\|||||||||||
=008  140306q17601778sp\a\\\\o\\\\\000\0\spa\\
=FMT  \\$a  BK
=040  \\$aUkCU$beng$cUkCU$dUk
=245  00$aRomance del milagrosissimo portento que obró la magestad divina por medio de su madre la Virgen Santissima del Rosario.
=260  \\$aBarcelona :$bEn la imprenta de los Herederos de Juan Jolis, en la calle de los Algodoneros,$c[between 1760 and 1778?]
=300  \\$a1 online resource
=336  \\$atext$2rdacontent
=337  \\$acomputer$2rdamedia
=338  \\$aonline resources$2rdacarrier
=500  \\$aThree separate illustrations at head of title.
=500  \\$aText printed in two columns.
=500  \\$aIn verse.
=500  \\$aCaption title.
=500  \\$aImprint from colophon.
=599  \\$aItem no. T79 in volume 12330_l_22_v5.$5Uk
=599  \\$aItem no. T89 in volume G.11303.$5Uk
=533  \\$aElectronic Reproduction$bLondon$cBritish Library$d2012$nItem no. T79 in volume 12330_l_22_v5.$nItem no. T89 in volume G.11303.$5Uk
=650  \0$aRosary, Our Lady of the$xMiracles.
=653  \1$aNuestra Señora del Rosario--Milagros.
=655  \7$aChapbooks$zSpain.$2rbgenr
=752  \\$aSpain$dBarcelona.
=856  40$uhttp://cudl.lib.cam.ac.uk/view/PR-G-11303-00089$yCambridge Digital Library$zItem no. T89 in G.11303
=856  40$uhttp://cudl.lib.cam.ac.uk/view/PR-12330-L-00022-V5-00079$yCambridge Digital Library$zItem no. T79 in 12330_l_22_v5
=859  \\$aXLD$bCambridge Digital Library
=CAT  \\$aWR14_159$b00$c20141016$lBLL01$h1656
=CAT  \\$aWR14_181$c20150323$lBLL01$h1403
=CAT  \\$aW1606-1753$c20171028$lBLL01$h1604
=SRC  \\$aBLWrongdoing
=LAS  \\$aW1606-1753$b00$c20171028$lBLL01$h1604

