=LDR  01836 am a2200469 a 4500
=001  016894937
=003  Uk
=005  20140307170339.0
=006  m\\\\||\\d\|\\\\\\
=007  cr\|||||||||||
=008  140306q17881817sp\a\\\\o\\\\\000\0\spa\\
=FMT  \\$a  BK
=040  \\$aUkCU$beng$cUkCU$dUk
=245  00$aGlosas discretas y curiosas.
=260  \\$aValencia :$bPor la Viuda de Agustin Laborda,$c[between 1788 and 1817?]
=300  \\$a1 online resource
=336  \\$atext$2rdacontent
=337  \\$acomputer$2rdamedia
=338  \\$aonline resources$2rdacarrier
=500  \\$aText printed in two columns.
=500  \\$aIn verse.
=500  \\$aThree separate illustrations at head of title.
=500  \\$aCaption title.
=500  \\$aImprint from colophon.
=599  \\$aItem no. T81 in volume 12330_l_22_v5.$5Uk
=599  \\$aItem no. T101 in volume 12330_l_22_v5.$5Uk
=533  \\$aElectronic Reproduction$bLondon$cBritish Library$d2012$nItem no. T81 in volume 12330_l_22_v5.$nItem no. T101 in volume 12330_l_22_v5.$5Uk
=650  \0$aSongs, Spanish$vTexts.
=650  \0$aCourtship.
=650  \4$aCortejo amoroso.
=653  \0$aCanciones españolas--Textos.
=655  \7$aChapbooks$zSpain.$2rbgenr
=700  0\$aViuda de Agustín Laborda,$eprinter.$5Uk
=752  \\$aSpain$dValencia.
=856  40$uhttp://cudl.lib.cam.ac.uk/view/PR-12330-L-00022-V5-00101$yCambridge Digital Library$zItem no. T101 in 12330_l_22_v5
=856  40$uhttp://cudl.lib.cam.ac.uk/view/PR-12330-L-00022-V5-00081$yCambridge Digital Library$zItem no. T81 in 12330_l_22_v5
=859  \\$aXLD$bCambridge Digital Library
=CAT  \\$aWR14_159$b00$c20141016$lBLL01$h1656
=CAT  \\$aWR14_181$c20150323$lBLL01$h1403
=CAT  \\$aW1606-1753$c20171028$lBLL01$h1604
=SRC  \\$aBLWrongdoing
=LAS  \\$aW1606-1753$b00$c20171028$lBLL01$h1604

