=LDR  02154 am a2200469 a 4500
=001  016894948
=003  Uk
=005  20140314125133.0
=006  m\\\\||\\d\|\\\\\\
=007  cr\|||||||||||
=008  140307q18371899sp\a\\\\o\\\\\000\0\spa\d
=FMT  \\$a  BK
=040  \\$aUkCU$beng$cUkCU$dUk
=245  00$aPrimera parte:$bCancion nueva y divertida para cantar los aficionados : carta del jardinero y respuesta de la niña.
=246  30$aCancion nueva y divertida para cantar los aficionados
=260  \\$aBarcelona :$bImprenta de M. Borrás, calle del Cármen, núm. 60,$c[between 1837 and 1899?]
=300  \\$a1 online resource
=336  \\$atext$2rdacontent
=337  \\$acomputer$2rdamedia
=338  \\$aonline resources$2rdacarrier
=500  \\$aText printed in two columns.
=500  \\$aIn verse.
=500  \\$aTwo separate illustrations at head of title.
=500  \\$aCaption title.
=500  \\$aImprint from colophon.
=500  \\$aIn three parts. Third part has title: "Tercera parte del horroroso fracaso sucedido en este presente año en el partido de Berga en una casa de campo."
=599  \\$aItem no. T93 in volume 12330_l_22_v5.$5Uk
=599  \\$aItem no. T109 in volume 12330_l_22_v5.$5Uk
=533  \\$aElectronic Reproduction$bLondon$cBritish Library$d2012$nItem no. T93 in volume 12330_l_22_v5.$nItem no. T109 in volume 12330_l_22_v5.$5Uk
=650  \0$aSongs, Spanish$vTexts.
=653  \0$aCanciones españolas--Textos.
=655  \7$aChapbooks$zSpain.$2rbgenr
=740  02$aTercera parte del horroroso fracaso sucedido en este presente año.
=752  \\$aSpain$dBarcelona.
=856  40$uhttp://cudl.lib.cam.ac.uk/view/PR-12330-L-00022-V5-00109$yCambridge Digital Library$zItem no. T109 in 12330_l_22_v5
=856  40$uhttp://cudl.lib.cam.ac.uk/view/PR-12330-L-00022-V5-00093$yCambridge Digital Library$zItem no. T93 in 12330_l_22_v5
=859  \\$aXLD$bCambridge Digital Library
=CAT  \\$aWR14_159$b00$c20141016$lBLL01$h1656
=CAT  \\$aWR14_181$c20150323$lBLL01$h1403
=CAT  \\$aW1606-1753$c20171028$lBLL01$h1604
=SRC  \\$aBLWrongdoing
=LAS  \\$aW1606-1753$b00$c20171028$lBLL01$h1604

