=LDR  01909 am a2200493 a 4500
=001  016894981
=003  Uk
=005  20170614121112.0
=006  m\\\\||\\d\|\\\\\\
=007  cr\|||||||||||
=008  140320q18401848sp\a\\\\o\\\\\000\0\spa\\
=FMT  \\$a  BK
=040  \\$aUkCU$beng$cUkCU$dUk
=245  00$aAve Maria :$bEl triunfo del Ave Maria, ó, Garcilaso de la Vega y el moro Tarfe : relacion.
=246  30$aTriunfo del Ave Maria
=246  30$aGarcilaso de la Vega y el moro Tarfe
=260  \\$aMadrid :$bDespacho de J.M. Marés y Compañía, Juanelo 19,$c[between 1840 and 1848]
=300  \\$a1 online resource
=336  \\$atext$2rdacontent
=337  \\$acomputer$2rdamedia
=338  \\$aonline resources$2rdacarrier
=500  \\$aText printed in two columns.
=500  \\$aTwo separate illustrations at head of title.
=500  \\$aIn verse.
=500  \\$aCaption title.
=500  \\$aImprint from colophon.
=500  \\$a"(Núm. 63.)"
=500  \\$a"Pasillo del triunfo del Ave Maria": p. [3-4].
=599  \\$aItem no. T36 in volume 12330.l.22.v6.$5Uk
=533  \\$aElectronic Reproduction$bLondon$cBritish Library$d2012$nItem no. T36 in volume 12330.l.22.v6.$5Uk
=600  00$aMary,$cBlessed Virgin, Saint$xDevotion to.
=600  04$aVirgen María$xDevoción a.
=655  \7$aChapbooks$zSpain.$2rbgenr
=662  \\$aSpain$dGranada$2lcsh-naf
=740  02$aPasillo del triunfo del Ave Maria.
=752  \\$aSpain$dMadrid.
=856  40$uhttp://cudl.lib.cam.ac.uk/view/PR-12330-L-00022-V6-00036$yCambridge Digital Library$zItem no. T36 in 12330.l.22.v6
=859  \\$aXLD$bCambridge Digital Library
=CAT  \\$aWR14_159$b00$c20141016$lBLL01$h1656
=CAT  \\$aWR14_181$c20150323$lBLL01$h1403
=CAT  \\$a14484$b40$c20170614$lBLL01$h1211
=CAT  \\$aW1606-1753$c20171028$lBLL01$h1604
=SRC  \\$aBLWrongdoing
=LAS  \\$aW1606-1753$b00$c20171028$lBLL01$h1604

