=LDR  01618 am a2200445 a 4500
=001  016895040
=003  Uk
=005  20180126102731.0
=006  m\\\\||\\d\|\\\\\\
=007  cr\|||||||||||
=008  140326q18771890sp\a\\\\o\\\\\000\0\spa\d
=FMT  \\$a  BK
=040  \\$aUkCU$beng$cUkCU$dUk
=245  00$aRelacion de lo que ello dira.
=246  30$aLo que ello dira
=260  \\$aSevilla :$bImprenta y librería de D. José Guillermo Fernandez, 29, Genova 29,$c[between 1877 and 1890?]
=300  \\$a1 online resource
=336  \\$atext$2rdacontent
=337  \\$acomputer$2rdamedia
=338  \\$aonline resources$2rdacarrier
=500  \\$aText printed in two columns.
=500  \\$aIn verse.
=500  \\$aIllustration at head of title.
=500  \\$aCaption title.
=500  \\$aImprint from colophon.
=599  \\$aItem no. T102 in volume 12330.l.22.v6.$5Uk
=533  \\$aElectronic Reproduction$bLondon$cBritish Library$d2012$nItem no. T102 in volume 12330.l.22.v6.$5Uk
=650  \0$aSatire, Spanish.
=650  \4$aSátira española.
=655  \7$aChapbooks$zSpain.$2rbgenr
=752  \\$aSpain$dSeville.
=856  40$uhttp://cudl.lib.cam.ac.uk/view/PR-12330-L-00022-V6-00102$yCambridge Digital Library$zItem no. T102 in 12330.l.22.v6
=859  \\$aXLD$bCambridge Digital Library
=CAT  \\$aWR14_159$b00$c20141016$lBLL01$h1656
=CAT  \\$aWR14_181$c20150323$lBLL01$h1403
=CAT  \\$aW1606-1753$c20171028$lBLL01$h1604
=CAT  \\$a8874$b40$c20180126$lBLL01$h1016
=CAT  \\$a8874$b40$c20180126$lBLL01$h1027
=SRC  \\$aBLWrongdoing
=LAS  \\$a8874$b40$c20180126$lBLL01$h1027

