=LDR  02018 am a2200445 a 4500
=001  016895121
=003  Uk
=005  20140410165841.0
=006  m\\\\||\\d\|\\\\\\
=007  cr\|||||||||||
=008  140410q17991850sp\\\\\\o\\\\\000\0\spa\d
=FMT  \\$a  BK
=040  \\$aUkCU$beng$cUkCU$dUk
=245  00$aNuestra Señora de Valdegimena :$babogada contra horas menguadas, aires pestilentes y mordeduras de perros rabiosos.
=260  \\$aMadrid :$b[s.n.,$cbetween 1799 and 1850?]
=300  \\$a1 online resource
=336  \\$atext$2rdacontent
=337  \\$acomputer$2rdamedia
=338  \\$aonline resources$2rdacarrier
=500  \\$aText printed in two columns.
=500  \\$aIn verse.
=500  \\$aIllustrated title page.
=500  \\$aImprint from colophon.
=500  \\$a"Alabanzas de la Santísima Virgen que con el titulo de Nuestra Señora de Valdegimena se venera en su santuario de la provincia de Avila": p. [2].
=599  \\$aItem no. T184 in volume 12330.l.22.v6.$5Uk
=599  \\$aItem no. T186 in volume 12330.l.22.v6.$5Uk
=599  \\$aThe pliego, consisting of 2 pages, appears in duplicate.$5Uk
=533  \\$aElectronic Reproduction$bLondon$cBritish Library$d2012$nItem no. T184 in volume 12330.l.22.v6.$nItem no. T186 in volume 12330.l.22.v6.$nThe pliego, consisting of 2 pages, appears in duplicate.$5Uk
=650  \0$aDevotional literature.
=650  \4$aLiteratura devocional.
=655  \7$aChapbooks$zSpain.$2rbgenr
=752  \\$aSpain$dMadrid.
=856  40$uhttp://cudl.lib.cam.ac.uk/view/PR-12330-L-00022-V6-00186$yCambridge Digital Library$zItem no. T186 in 12330.l.22.v6
=856  40$uhttp://cudl.lib.cam.ac.uk/view/PR-12330-L-00022-V6-00184$yCambridge Digital Library$zItem no. T184 in 12330.l.22.v6
=859  \\$aXLD$bCambridge Digital Library
=CAT  \\$aWR14_159$b00$c20141016$lBLL01$h1656
=CAT  \\$aWR14_181$c20150323$lBLL01$h1403
=CAT  \\$aW1606-1753$c20171028$lBLL01$h1604
=SRC  \\$aBLWrongdoing
=LAS  \\$aW1606-1753$b00$c20171028$lBLL01$h1604

