=LDR  01674 am a2200433 a 4500
=001  016895146
=003  Uk
=005  20140422104233.0
=006  m\\\\||\\d\|\\\\\\
=007  cr\|||||||||||
=008  140422q17001750sp\\\\\\o\\\\\000\0\spa\\
=FMT  \\$a  BK
=040  \\$aUkCU$beng$cUkCU$dUk
=245  00$aRelacion El justo Lot.
=246  30$aJusto Lot
=260  \\$aImpresso en Cordoba:$bEn el Colegio de nuestra señora de la Assumpcion,$c[between 1700 and 1750?]
=300  \\$a1 online resource
=336  \\$atext$2rdacontent
=337  \\$acomputer$2rdamedia
=338  \\$aonline resources$2rdacarrier
=500  \\$aText printed in two columns.
=500  \\$aIn verse.
=500  \\$aCaption title.
=500  \\$aWoodcut ornament (device?) at end.
=599  \\$aItem no. T85 in volume 12330.l.1.$5Uk
=599  \\$aItem no. T88 in volume 12330.l.1.$5Uk
=533  \\$aElectronic Reproduction$bLondon$cBritish Library$d2012$nItem no. T85 in volume 12330.l.1.$nItem no. T88 in volume 12330.l.1.$5Uk
=650  \0$aSpanish drama (Comedy)
=650  \4$aComedia española.
=655  \7$aChapbooks$zSpain.$2rbgenr.
=752  \\$aSpain$dCórdoba.
=856  40$uhttp://cudl.lib.cam.ac.uk/view/PR-12330-L-00001-00088$yCambridge Digital Library$zItem no. T88 in 12330.l.1
=856  40$uhttp://cudl.lib.cam.ac.uk/view/PR-12330-L-00001-00085$yCambridge Digital Library$zItem no. T85 in 12330.l.1
=859  \\$aXLD$bCambridge Digital Library
=CAT  \\$aWR14_159$b00$c20141016$lBLL01$h1656
=CAT  \\$aWR14_181$c20150323$lBLL01$h1403
=CAT  \\$aW1606-1753$c20171028$lBLL01$h1604
=SRC  \\$aBLWrongdoing
=LAS  \\$aW1606-1753$b00$c20171028$lBLL01$h1604

