=LDR  01978 am a2200457 a 4500
=001  016895147
=003  Uk
=005  20140422105130.0
=006  m\\\\||\\d\|\\\\\\
=007  cr\|||||||||||
=008  140422q17991830sp\\\\\\o\\\\\000\0\spa\\
=FMT  \\$a  BK
=040  \\$aUkCU$beng$cUkCU$dUk
=100  1\$aCalderón de la Barca, Pedro,$d1600-1681.
=240  10$aDevoción de la misa.$kSelections
=245  10$aRelacion del auto sacramental intitulado La devocion de la missa /$cde Don Pedro Calderon.
=260  \\$a[S.l. :$bs.n.,$cbetween 1799 and 1830?]
=300  \\$a1 online resource
=336  \\$atext$2rdacontent
=337  \\$acomputer$2rdamedia
=338  \\$aonline resources$2rdacarrier
=500  \\$aText printed in two columns.
=500  \\$aIn verse.
=500  \\$aCaption title.
=500  \\$aSelections from the text by Pedro Calderón de la Barca.
=599  \\$aItem no. T86 in volume 12330.l.1.$5Uk
=599  \\$aItem no. T87 in volume 12330.l.1.$5Uk
=599  \\$aItem no. T90 in volume 12330.l.1.$5Uk
=533  \\$aElectronic Reproduction$bLondon$cBritish Library$d2012$nItem no. T86 in volume 12330.l.1.$nItem no. T87 in volume 12330.l.1.$nItem no. T90 in volume 12330.l.1.$5Uk
=650  \0$aReligious drama, Spanish.
=650  \4$aTeatro religioso español.
=655  \7$aChapbooks$zSpain.$2rbgenr
=856  40$uhttp://cudl.lib.cam.ac.uk/view/PR-12330-L-00001-00090$yCambridge Digital Library$zItem no. T90 in 12330.l.1
=856  40$uhttp://cudl.lib.cam.ac.uk/view/PR-12330-L-00001-00087$yCambridge Digital Library$zItem no. T87 in 12330.l.1
=856  40$uhttp://cudl.lib.cam.ac.uk/view/PR-12330-L-00001-00086$yCambridge Digital Library$zItem no. T86 in 12330.l.1
=859  \\$aXLD$bCambridge Digital Library
=CAT  \\$aWR14_159$b00$c20141016$lBLL01$h1656
=CAT  \\$aWR14_181$c20150323$lBLL01$h1403
=CAT  \\$aW1606-1753$c20171028$lBLL01$h1604
=SRC  \\$aBLWrongdoing
=LAS  \\$aW1606-1753$b00$c20171028$lBLL01$h1604

